3366 5206
932 568 994 635 loo

402 794 451 856 est
482 783 560 874 quin
594 783 740 854 Ciceroni
769 787 804 852 in
839 788 947 851 mente
974 782 1084 848 fuerit.
1119 779 1203 856 Quid
1231 777 1317 845 enim
1344 777 1406 845 hac
1427 775 1462 845 in
1492 801 1529 846 re

402 913 545 997 apertius
565 911 605 976 iis
628 932 709 994 quae
732 909 861 993 scripsit
883 909 917 972 in
940 904 1077 990 epistola
1103 902 1242 988 quadam
1268 904 1309 968 ad
1331 903 1527 969 Atticum?”

449 1034 561 1110 »Quod
583 1035 617 1098 in
640 1033 690 1110 iis,
714 1033 830 1118 inquit,
854 1029 955 1108 libris,
979 1050 1060 1115 quos
1082 1027 1194 1094 laudas
1216 1026 1263 1106 (ΙΙ
1279 1027 1428 1093 etlllde
1444 1027 1529 1094 Ora·

402 1156 496 1236 tore),
512 1155 852 1241 personamdesiderss
874 1153 1056 1234 Scaevolae,
1080 1174 1143 1217 uon
1167 1173 1239 1215 eam
1251 1154 1371 1215 temere
1388 1151 1528 1226 dimovi;

403 1280 457 1344 sed
480 1279 540 1343 feci
563 1279 658 1355 idem,
680 1279 765 1360 quod
784 1278 818 1342 in
841 1280 994 1362 πολιτείᾳ
1015 1276 1091 1340 deus
1109 1274 1167 1340 ille
1184 1278 1295 1338 noster
1312 1273 1416 1339 Plato.
1442 1273 1528 1340 Cum

403 1401 437 1466 in
460 1401 607 1466 Piraeum
632 1399 779 1465 Socrates
803 1401 941 1466 venisset
970 1400 1010 1464 ad
1041 1397 1240 1482 Cephalum,
1268 1397 1463 1482 locupletem
1494 1403 1530 1463 et

403 1523 555 1588 festivum
578 1545 697 1600 senem,
716 1524 821 1607 quoad
844 1525 965 1607 primns
981 1522 1036 1587 ille
1059 1543 1164 1586 sermo
1180 1520 1365 1598 haberetur,
1387 1521 1478 1585 adest
1492 1521 1529 1585 in

403 1645 594 1730 disputando
616 1667 729 1720 senex3
752 1646 864 1711 deinde
888 1669 961 1711 cum
983 1645 1052 1730 ipse
1072 1666 1199 1730 quoque
1210 1644 1463 1710 commodissime
1478 1644 1531 1708 lo-

404 1774 498 1835 cutus
510 1773 601 1846 esset,
614 1770 652 1834 ad
667 1791 733 1834 rem
746 1770 886 1834 divinam
899 1770 976 1835 dicit
987 1791 1021 1834 se
1032 1767 1116 1834 velle
1128 1767 1286 1833 discedere
1297 1789 1401 1850 neque
1415 1772 1531 1852 postea

406 1892 588 1958 revertitur.
614 1891 714 1956 Credo
739 1891 905 1958 Platonem
918 1894 971 1957 rix
985 1896 1116 1977 putasse
1127 1892 1206 1956 satis
1222 1911 1397 1955 consonum
1408 1890 1530 1968 fore,si

408 2014 569 2080 bominem
593 2015 625 2078 id
648 2015 762 2080 aetatis
781 2015 815 2078 in
836 2019 903 2080 tam
923 2014 1022 2101 longo
1041 2035 1186 2079 sermone
1198 2013 1318 2078 diutius
1330 2013 1528 2079 retinuisset.

407 2136 513 2202 Multo
536 2157 596 2220 ego
619 2137 719 2202 satius
741 2137 803 2202 hoc
827 2137 906 2202 mihi
926 2138 1101 2203 cavendum
1114 2134 1270 2222 putariin
1287 2135 1452 2216 Scaevola,
1470 2138 1529 2222 qui

408 2267 441 2328 et
458 2265 563 2327 aetate
586 2265 619 2326 et
642 2261 823 2327 valetudine
848 2267 918 2327 erat
939 2285 988 2341 en,
1012 2284 1076 2346 qna
1088 2284 1156 2327 esse
1168 2260 1352 2337 meministi,
1371 2264 1405 2325 et
1415 2260 1456 2324 iis
1467 2261 1529 2325 ho-

408 2384 550 2462 neribus,
573 2389 610 2449 ut
632 2385 685 2449 vir
708 2386 787 2450 satis
810 2386 958 2451 decorum
981 2386 1144 2450 videretur
1163 2384 1357 2469 cumplures
1373 2383 1440 2449 dies
1459 2406 1529 2450 esse

408 2507 442 2572 in
465 2506 570 2572 Crassi
595 2505 788 2573 Tusculano.
812 2508 856 2572 Et
876 2511 946 2572 erat
970 2508 1066 2593 primi
1087 2505 1163 2572 libri
1185 2529 1289 2573 sermo
1314 2530 1378 2573 non
1401 2508 1529 2574 alienus

409 2650 428 2693 a
451 2628 621 2694 Scaevolae
644 2628 769 2694 studiis.
794 2630 922 2714 Reliqui
942 2630 1017 2696 libri
1036 2633 1245 2713 τεχνολογίαν
1261 2631 1528 2711 hebentutscis.

408 2751 493 2816 Huic
500 2752 712 2836 joculatorem
721 2773 826 2817 senem
835 2753 938 2832 illum,
951 2758 989 2819 ut
1000 2775 1104 2832 noras,
1117 2755 1271 2820 interesse
1278 2778 1355 2822 sane
1363 2756 1485 2822 nolui.’'
1501 2757 1529 2842 ¹)

452 2875 526 2941 Jem
559 2898 597 2941 ex
627 2878 714 2944 hisce
737 2881 843 2946 verbis
867 2882 993 2966 opinari
1015 2883 1049 2947 in
1073 2887 1226 2968 promptu
1257 2883 1346 2949 haud
1367 2857 1529 2968 disparem

409 3021 476 3064 esse
503 3001 669 3086 utriusque
692 3004 796 3087 operis
821 3006 1085 3089 compositionem
1108 3007 1470 3091 conformationemque3
1495 3009 1530 3072 id

408 3122 494 3205 quod
538 3124 633 3188 etiam
675 3147 724 3190 res
766 3132 797 3191 et
839 3129 958 3194 veritas
996 3129 1198 3194 confirment.
1238 3129 1399 3196 Sermonis
1438 3131 1526 3196 enim

407 3263 524 3328 genere
546 3244 622 3311 libri
644 3247 682 3312 de
705 3248 857 3327 Oratore,
889 3250 991 3315 multo
1014 3252 1118 3338 magis
1141 3252 1286 3318 Platonis
1310 3253 1527 3320 ›Civitatem”

407 3368 575 3434 imitentur
609 3392 705 3454 quam
735 3379 791 3438 aut
827 3375 982 3460 Gorgiam
1009 3379 1066 3440 aut
1099 3376 1289 3443 Phaedrum.
1318 3377 1393 3444 Non
1416 3379 1529 3463 dispu-

407 3493 479 3554 tant
513 3491 655 3575 prolecto
689 3500 832 3561 oratores
866 3497 915 3562 illi
949 3497 1086 3564 Romani
1115 3522 1172 3583 per
1207 3500 1318 3566 breves
1352 3504 1386 3566 et
1414 3505 1529 3567 acutas

408 3613 655 3695 altercationes,
694 3619 804 3702 quales
839 3624 931 3684 erent
969 3643 1130 3687 sermones
1164 3624 1221 3707 qui
1260 3646 1333 3690 cum
1374 3625 1530 3709 sophistis

407 3736 631 3818 habebantur,
659 3763 761 3826 neque
790 3747 857 3807 tam
885 3742 949 3807 alte
977 3749 1152 3830 assurgunt
1181 3750 1238 3812 aut
1260 3748 1394 3814 incitate
1417 3749 1530 3814 ferun-

407 3865 482 3938 tur,
510 3865 547 3926 ut
581 3862 619 3926 fit
652 3863 685 3929 in
710 3865 873 3931 Phaedro:
905 3866 1101 3950 »disputatio
1135 3892 1172 3936 ac
1207 3871 1353 3959 dialogus
1377 3873 1415 3938 de
1442 3872 1529 3939 Ora-

406 3983 511 4052 tore'’,
543 3982 659 4051 leniter
703 3991 735 4053 et
770 3990 869 4055 libere
906 3991 1025 4071 currit,
1067 3991 1178 4076 quales
1212 3993 1353 4062 Socratis
1390 3994 1528 4080 Cephali

406 4215 566 4230 ——

440 4375 843 4485 ”fflfflbffifflz

740 4461 843 4507 ἡ..
