3366 5206
675 615 738 685 107

144 827 569 910 scientiam.›1deass01as,
594 830 640 896 ita
663 830 800 912 Tullius,
824 839 857 900 et
881 829 972 921 gigni
999 833 1097 917 negat
1111 826 1205 894 Plato
1230 827 1263 892 et

143 957 190 1020 ait
211 977 335 1040 semper
359 977 427 1022 esse
449 977 486 1021 ac
509 956 634 1022 ratione
653 962 685 1022 et
712 957 932 1046 intelligentia
955 955 1135 1030 contineri3
1158 956 1264 1018 cetera

142 1079 240 1157 nasci,
264 1080 414 1158 occidere,
437 1077 558 1158 liuere,
587 1078 653 1145 labi
680 1103 738 1146 nec
762 1083 884 1147 diutius
916 1101 985 1147 esse
1009 1099 1073 1143 uno
1098 1081 1131 1141 et
1153 1075 1264 1141 eodem

141 1202 261 1268 statu.”
287 1203 313 1289 1)
337 1203 425 1268 Haec
447 1208 556 1268 autern
586 1203 772 1270 dialecticae
807 1206 901 1270 initia
934 1227 953 1269 a
987 1202 1124 1268 Platone
1159 1199 1265 1282 posita

142 1325 335 1392 Aristoteles
357 1320 405 1391 ita
427 1329 517 1392 auxit
552 1332 649 1412 atque
673 1327 834 1404 excoluit,
865 1332 902 1392 ut
936 1325 1040 1392 omnis
1071 1323 1264 1412 cognitionis

142 1449 320 1515 doctrinam
357 1451 391 1514 in
418 1451 578 1534 perfectae
613 1452 691 1515 artis
732 1451 868 1517 termam
900 1450 1069 1535 redigeret.
1103 1446 1139 1510 Is
1169 1445 1265 1522 enim,

142 1593 205 1655 quo
239 1594 332 1638 nemo
367 1573 450 1638 forte
485 1595 628 1658 unquam
662 1574 725 1638 fuit
750 1543 893 1660 ingenio
916 1571 1154 1657 praestantior,
1188 1567 1264 1632 Pla·

142 1694 225 1758 tonis
254 1694 432 1759 doctrinam
470 1695 508 1759 de
536 1696 720 1760 delinitione
751 1696 970 1779 divisioneque
994 1692 1187 1776 complevit,
1210 1691 1265 1754 de-

142 1817 384 1881 monstrationis
406 1817 524 1882 lormas
548 1823 580 1882 et
604 1817 726 1902 figuras
751 1818 948 1902 multiplices
972 1816 1162 1900 explicavit,
1198 1813 1266 1878 veri

141 1939 278 2023 falsique
301 1939 495 2023 dijudicandi
519 1941 587 2004 vias
611 1940 788 2015 indicavit;
813 1941 852 2004 ad
881 1944 1007 2005 tantam
1035 1940 1171 2023 denique
1195 1957 1267 2020 per-

141 2051 310 2127 fectionem
322 2063 405 2128 hanc
416 2067 519 2128 artem
544 2065 662 2140 evexit,
685 2068 721 2127 ut
735 2063 823 2128 illius
835 2064 1015 2148 praeceptis
1028 2063 1081 2127 vix
1095 2063 1267 2147 quicquam

92 2243 101 2254 .
142 2186 262 2269 posteri
285 2186 399 2250 addere
421 2187 599 2270 potuerint.

186 2310 260 2375 Jam
283 2309 392 2374 nullus
415 2310 538 2386 dubito,
562 2309 639 2392 quin
656 2309 783 2374 Tullius
808 2311 835 2374 si
860 2310 1067 2376 Aristotelem
1081 2310 1267 2392 audivisset,

144 2433 282 2516 paulove
299 2438 372 2518 post
384 2457 456 2498 eum
469 2434 630 2499 floruisset
644 2434 773 2498 tertiam
789 2434 880 2498 illam
898 2434 1121 2518 philosophiae
1145 2439 1268 2517 partem

144 2558 265 2622 oratori
281 2579 338 2622 suo
351 2557 503 2621 acerrime
521 2556 738 2621 vindicaturus
749 2557 857 2624 fuerit.
873 2557 996 2623 Verum
1016 2579 1088 2621 eum
1106 2579 1156 2620 res
1175 2578 1267 2639 prae·

145 2678 229 2745 clare
240 2701 275 2744 se
286 2679 432 2756 haberet,
444 2679 590 2762 nihilque
603 2684 697 2756 esset,
714 2679 798 2762 quod
811 2679 895 2746 Zeno
907 2684 1105 2746 commutare
1116 2680 1262 2764 gestiret,

145 2803 262 2866 nteit
296 2801 441 2879 Tullius,
463 2801 489 2884 2)
523 2823 633 2866 omues
668 2823 750 2884 quae
784 2802 826 2866 ab
864 2804 1038 2869 Aristotele
1070 2809 1158 2868 ortae
1195 2809 1269 2868 sunt

143 2925 271 2989 scholae
301 2925 335 2989 in
366 2913 431 2990 hac¹
457 2930 527 2988 arte
554 2925 753 2989 habitarunt.
789 2925 863 2990 Non
902 2928 986 2991 enim
1021 2929 1062 2992 ab
1094 2927 1270 2993 Aristotele

143 3048 197 3113 sed
226 3071 245 3112 a
270 3047 414 3134 Diogene
435 3047 542 3114 Stoico
575 3048 748 3113 disserendi
783 3052 885 3113 artem
923 3051 1100 3117 didicerunt
1134 3053 1270 3117 Romani

145 3170 300 3236 homines.
324 3171 408 3235 Nam
432 3171 533 3236 Stoici
552 3172 654 3235 multo
681 3171 783 3256 magis
806 3193 904 3253 quam
929 3179 985 3238 aut
1008 3176 1191 3241 Academici
1215 3180 1271 3240 aut

144 3294 352 3379 Peripatetici
383 3294 557 3360 disserendi
588 3297 690 3358 artem
724 3293 884 3360 colebant.
916 3297 962 3360 At
989 3319 1054 3381 qua
1082 3298 1271 3381 prudentia?

145 3421 330 3488 Ciceronem
352 3421 469 3485 iterum
494 3421 669 3487 audiamus.
696 3418 798 3484 »Cum
821 3421 925 3485 omnis
949 3421 1032 3486 ratio
1056 3419 1196 3506 diligens
1208 3420 1272 3484 dis-

145 3542 280 3620 serendi,
297 3543 413 3628 inquit,
433 3545 512 3608 duas
529 3543 647 3608 habeat
670 3547 787 3626 partes,
811 3565 908 3606 unam
930 3544 1124 3620 inveniendi,
1137 3544 1271 3609 alteram

141 3667 318 3751 judicandi,
329 3668 496 3751 utriusque
508 3667 666 3750 princeps,
680 3669 716 3730 ut
729 3665 808 3728 mihi
820 3666 947 3747 quidem
957 3668 1093 3745 videtur,
1108 3668 1269 3732 Aristote-

146 3788 193 3854 les
201 3790 273 3855 fuit.
286 3788 386 3855 Stoici
396 3796 504 3856 autem
512 3792 546 3855 in
555 3792 658 3855 altera
667 3789 928 3854 elaboraveruntt
935 3789 1100 3872 judicandi
1111 3791 1196 3855 enim
1205 3791 1273 3855 vias

151 3911 325 3999 diligenter
348 3915 507 3997 persecuti
531 3917 607 3978 sunt
630 3935 666 3977 ea
690 3911 841 3987 scientia,
865 3933 962 3994 quam
986 3913 1187 4000 διαλεκτικήν
1211 3936 1268 3996 ap·

149 4033 293 4120 pellant,
316 4036 499 4101 inveniendi
522 4041 638 4114 artem,
666 4033 893 4122 quaeramini
913 4034 1049 4112 dicitur,
1072 4056 1154 4119 quae
1179 4038 1212 4099 et
1235 4035 1275 4099 ad

186 4333 215 4404 l)
234 4335 280 4393 Or.
299 4338 343 4390 10.
400 4378 401 4382 ,

188 4422 215 4494 2)
232 4425 273 4482 De
293 4423 352 4479 Fin.
370 4425 388 4478 l.
407 4422 452 4478 lv.
471 4425 496 4482 8.
