3366 5206
665 619 707 684 65

130 835 264 901 facultas
286 836 325 900 ad
341 833 594 919 persuadendum
611 833 826 910 accomodata,
843 813 919 896 vera
935 828 1098 918 ἐπιστήμη
1115 829 1242 903 existat,

130 960 379 1044 componendum
408 960 470 1023 erit
492 961 632 1041 systema
660 956 790 1041 aliquod
824 955 1008 1031 doctrinae,
1041 953 1075 1018 in
1106 974 1170 1038 quo
1204 973 1243 1016 ex

130 1083 242 1148 intima
265 1083 448 1168 cognitione
470 1080 688 1168 ingeniorum,
721 1079 891 1144 affectuum
915 1099 1104 1161 morumque
1127 1076 1243 1141 huma·

132 1229 242 1271 norum
276 1205 469 1290 colligatur,
500 1201 615 1287 quibus
649 1200 838 1278 sententiis,
861 1200 987 1285 quibua,
1018 1201 1144 1279 verbis,
1178 1222 1243 1284 qua

131 1330 263 1409 actione,
291 1328 378 1393 varia
400 1326 566 1391 homiuum
590 1347 708 1411 genera
729 1324 764 1389 in
788 1323 885 1390 variis
903 1323 1063 1407 adjunctis
1079 1323 1242 1409 aptissime

131 1452 339 1526 edoceantur,
366 1448 580 1526 delectentur,
605 1449 885 1512 commoveantur:
913 1445 1000 1530 quod
1021 1467 1115 1510 nemo
1138 1445 1242 1512 adhuc

131 1575 218 1650 fecit,
249 1577 281 1639 et
304 1572 410 1637 nescio
441 1593 482 1635 an
504 1570 600 1656 longe
623 1570 755 1634 excedat
783 1569 958 1633 humanam
980 1567 1240 1655 intelligentiam.

172 1697 233 1763 Sed
256 1696 345 1761 illam
357 1694 482 1759 dicendi
494 1697 596 1758 artem
613 1697 734 1770 tuetur,
750 1714 831 1776 quae
847 1691 891 1755 sit
906 1698 1013 1780 τέχνη,
1030 1692 1106 1771 sive,
1118 1695 1155 1757 ut
1166 1715 1238 1758 oum

132 1821 298 1887 Cornificio
323 1819 504 1902 loquamur,
528 1816 742 1901 »praeceptio
762 1837 845 1900 quae
871 1814 927 1878 dat
941 1819 1061 1881 certam
1081 1816 1165 1881 viam
1188 1839 1242 1882 ra-

132 1946 312 2027 tionemque
335 1942 504 2008 faeiendi.”
529 1941 615 2017 Quae
637 1962 709 2005 cum
734 1962 753 2004 a
776 1944 893 2006 natura
916 1940 1059 2024 profecta
1079 1940 1131 2018 sit,
1154 1962 1241 2006 corn·

132 2066 281 2150 plectitur
304 2088 362 2143 ea,
387 2086 468 2149 quae
491 2064 660 2128 observata
683 2062 813 2128 suntin
837 2085 896 2126 usu
919 2082 957 2126 ac
979 2065 1171 2130 tractatione
1193 2065 1241 2130 di-

132 2191 227 2268 cendi,
247 2212 331 2275 quae
353 2190 394 2254 ab
417 2188 600 2252 hominibus
623 2186 745 2252 callidis
763 2209 801 2252 ao
813 2185 925 2270 peritis
937 2189 1012 2250 sunt
1022 2187 1242 2253 animadversa

130 2336 166 2378 ao
195 2318 325 2392 notata,
355 2311 459 2376 verbis
490 2309 674 2396 designata,
704 2309 875 2396 generibus
897 2307 1072 2387 illustrata,
1094 2310 1241 2393 partibus

131 2436 308 2502 distributa.
344 2434 392 2498 De
423 2434 454 2496 vi
484 2437 592 2497 autom
625 2436 657 2496 et
680 2432 822 2498 utilitate
853 2431 1035 2516 hujusmodi
1057 2433 1241 2517 disciplinae

131 2559 206 2624 haec
240 2562 289 2623 est
313 2557 382 2641 ejus
405 2554 581 2620 sententia:
614 2574 807 2637 quamquam
837 2554 907 2638 ipsa
937 2577 994 2638 per
1024 2577 1057 2620 se
1082 2557 1241 2624 neminem

130 2683 224 2749 faciat
248 2681 468 2764 eloquentem,
499 2681 532 2742 et
558 2678 624 2742 sint
653 2676 717 2741 alia
739 2677 895 2760 quaedam
925 2678 964 2742 ad
988 2682 1241 2768 consequendam

130 2805 343 2890 eloquentiam
367 2803 507 2888 majora,
528 2801 692 2886 possitque
713 2801 798 2879 fieri,
823 2805 860 2865 ut
882 2801 954 2883 quis
978 2803 1046 2868 sine
1068 2805 1139 2889 ipsa
1160 2805 1240 2872 bene

128 2930 220 3008 dicat,
243 2929 363 3018 (neque
386 2928 471 2992 enim
494 2925 677 3010 eloquentia
700 2945 739 2989 ex
749 2925 886 2990 artificio
905 2925 960 2990 sed
979 2948 1031 2992 ars
1048 2932 1096 2992 cst
1114 2951 1153 2993 ex
1172 2929 1240 2996 elo·

127 3054 256 3142 quentia
279 3053 371 3139 nata)
395 3075 463 3116 esse
486 3056 594 3117 tamen
617 3049 704 3115 haud
726 3050 885 3128 inutilem,
898 3072 966 3114 esse
986 3055 1094 3118 tamen
1111 3053 1151 3118 ad
1163 3075 1240 3140 cog-

127 3178 315 3243 noscendum
340 3176 425 3241 hand
448 3176 648 3240 illiberalem.
674 3173 756 3238 Cum
778 3175 1130 3256 enimnatnra,studio,
1147 3199 1239 3244 exer·

127 3303 275 3367 citatione
305 3301 539 3384 consequimur,
565 3300 641 3383 qnid
671 3299 832 3362 dicamus:
859 3303 961 3364 artem
991 3298 1151 3378 indicare,
1183 3302 1237 3366 ubi

126 3446 313 3510 quaeramus
336 3428 369 3488 et
393 3445 457 3507 qua
481 3424 533 3488 ria
555 3422 714 3487 tutissime
737 3423 894 3506 possimus
918 3423 1071 3487 incedere.
1104 3423 1238 3490 »Studia

126 3550 218 3627 euim,
228 3548 347 3632 inquit,
360 3547 442 3611 nihil
460 3548 596 3630 prosunt
614 3545 819 3629 perveniendi
835 3544 954 3629 aliquo,
966 3548 1028 3612 nisi
1046 3548 1136 3628 illud,
1149 3551 1235 3635 quod

125 3694 169 3752 eo,
192 3695 255 3757 quo
280 3673 438 3750 intendas,
460 3671 543 3735 ferat
566 3670 762 3754 deducatque
786 3668 964 3756 cognoris''.

165 3795 337 3880 Apparuit,
360 3796 395 3860 ni
421 3794 527 3872 fallor,
552 3793 718 3858 eonsilium
741 3791 858 3856 horum
880 3791 1036 3860 librorum
1060 3797 1234 3865 rectissime

124 3943 142 3984 a
164 3920 315 3986 Cicerone
335 3919 552 4004 significatum
574 3939 658 3996 esse,
682 3937 754 3980 oum
778 3915 914 3982 diceret:
939 3916 1045 3983 »Illud
1067 3923 1116 3984 est
1138 3921 1233 4007 hujus

123 4043 262 4112 instituti
286 4047 383 4125 atque
406 4042 559 4125 temporis
581 4040 739 4105 neminem
762 4038 946 4124 eloquentia
968 4064 1032 4107 non
1056 4044 1150 4109 modo
1165 4046 1233 4112 sine

124 4166 243 4231 dicendi
265 4165 422 4243 doctrina,
450 4165 505 4228 sed
528 4186 566 4228 ne
590 4164 658 4228 sine
681 4164 769 4228 omni
792 4164 919 4246 quidem
942 4166 1099 4249 sapientia
1121 4168 1233 4234 florere

123 4312 269 4374 umquam
286 4294 319 4354 et
342 4293 505 4373 praestare
527 4286 701 4372 potuisse.’'
725 4287 905 4370 Utrumque
924 4288 1006 4352 enim
1028 4293 1147 4356 oratori
1164 4295 1233 4360 vin·

122 4414 259 4484 dicatum
282 4417 349 4494 est3
380 4418 414 4480 et
435 4412 581 4502 quamvis
602 4411 755 4480 doctrinis
779 4416 812 4478 et
835 4411 1008 4499 disciplinis
1031 4417 1121 4502 quasi
1146 4420 1234 4513 prio-¹

1144 4526 1161 4586 ὅ
