3404 5198
681 589 724 674 45

148 809 331 874 Verborum
354 814 387 876 et
421 808 657 874 sententiarum
695 811 728 872 et
762 812 1026 894 argumentorum
1050 805 1203 873 electione
1228 810 1261 870 et

146 933 257 1000 ordine
291 933 369 1000 haec
404 933 511 998 omnia
543 932 767 1006 continentum
793 953 869 1017 ergo
899 932 1023 997 dicendi
1046 954 1098 997 ars
1132 953 1169 996 ea
1205 953 1262 995 sua

146 1079 214 1123 esse
237 1057 419 1141 profitetur.
455 1055 538 1122 Sunt
567 1055 646 1121 haec
669 1055 770 1143 igitur
793 1059 850 1119 aut
873 1055 997 1120 dicendi
1020 1056 1098 1121 artis
1123 1055 1262 1140 propria,

146 1186 205 1246 aut
228 1180 279 1244 illi
295 1179 719 1245 articumaliacommunia.
744 1178 817 1244 Non
840 1183 916 1244 sunt
939 1183 1047 1245 autem
1072 1181 1263 1246 communia.

146 1305 219 1368 Etsi
234 1303 319 1369 enim
339 1303 394 1389 qui
412 1304 547 1369 aliarum
560 1303 677 1367 artium
694 1307 769 1367 sunt
781 1303 890 1386 periti,
906 1307 943 1368 ut
961 1303 1130 1389 agricolae,
1141 1304 1264 1382 medici,

145 1429 285 1512 pictores
308 1429 346 1493 de
369 1428 434 1493 suis
458 1427 553 1491 rebus
576 1427 656 1491 bene
678 1426 779 1490 locuti
802 1431 888 1506 sunt,
911 1450 974 1491 non
1001 1427 1118 1493 idcirco
1135 1428 1264 1493 illarum

148 1552 268 1616 artium
291 1551 434 1636 putanda
457 1554 506 1615 eat
529 1550 730 1634 eloquentia3
755 1551 809 1615 sed
832 1555 889 1615 aut
902 1550 1024 1634 aliquid
1047 1552 1087 1616 ab
1110 1552 1171 1617 hac
1194 1555 1264 1617 arte

150 1675 226 1740 data
249 1697 346 1760 opera
369 1675 559 1752 didicerunt,
582 1674 738 1758 aut,quia
761 1672 807 1737 vis
831 1694 949 1757 magna
971 1676 1019 1737 est
1042 1674 1074 1738 in
1099 1674 1264 1740 hominurn

149 1799 288 1886 ingeniis
311 1799 382 1864 ideo
405 1797 499 1864 multi
523 1797 621 1862 etiam
651 1797 719 1860 sine
749 1795 894 1860 doctrina
920 1795 1041 1881 aliquid
1067 1799 1164 1882 hujus
1188 1801 1267 1864 artis

151 1926 402 2007 consequuntur.
426 1921 509 1986 Sunt
532 1921 632 2008 igitur
655 1919 794 2004 propria.
818 1918 855 1984 Id
878 1920 963 2004 quod
984 1919 1049 1986 alia
1071 1944 1198 2008 quoque
1216 1946 1269 1988 ra-

151 2047 240 2112 tione
263 2047 442 2111 confirmat.
467 2044 571 2121 »Quid
589 2045 743 2129 cujusque
762 2045 805 2108 sit
817 2043 991 2129 proprium,
1015 2045 1132 2131 inquit,
1152 2047 1213 2111 etsi
1230 2069 1269 2112 ex

153 2193 189 2235 eo
211 2171 351 2254 judicari
363 2175 480 2256 potest,
497 2192 569 2235 cum
588 2168 713 2246 videris,
738 2167 813 2251 quid
837 2189 980 2252 quaeque
1004 2169 1270 2248 doceant,tamen

153 2293 215 2359 hoc
237 2294 357 2359 certius
380 2293 463 2358 nihil
487 2315 554 2358 esse
579 2295 696 2376 potest,
719 2313 816 2376 quarn
839 2291 923 2376 quod
947 2313 1056 2359 omncs
1079 2297 1165 2359 artes
1188 2294 1270 2360 aliae

154 2418 223 2482 sine
242 2417 429 2503 eloquentia
451 2440 544 2482 suum
567 2439 683 2482 munus
706 2420 869 2500 praestare
896 2422 1049 2500 possunt,
1072 2423 1179 2484 orator
1202 2419 1270 2483 sine

157 2564 194 2606 ea
215 2543 331 2607 nomen
355 2563 448 2607 suurn
472 2542 617 2635 obtinere
639 2563 703 2606 non
727 2540 865 2625 potest.”

201 2664 413 2730 Admirantur
443 2665 603 2730 auditores
633 2669 730 2750 atque
761 2665 910 2731 Crassus:
948 2651 1043 2731 »Nox
1067 2672 1115 2744 te,
1146 2667 1271 2753 inquit,

158 2789 260 2868 nobis,
272 2787 406 2867 Antoni,
420 2788 577 2873 expolivit
589 2789 815 2876 hominemque
832 2789 1001 2855 reddidit.’'
1014 2790 1096 2887 Tum
1109 2791 1272 2858 Antonius

156 2913 284 2996 jocose:
310 2912 410 2977 »Heri
434 2913 495 2978 hoc
526 2913 606 2977 milri
629 2936 858 2999 proposueram
881 2919 933 2993 ut,
956 2915 983 2978 si
1007 2917 1038 2979 te
1062 2915 1271 2995 refellissem,

161 3035 218 3102 hos
241 3036 299 3101 abs
322 3039 355 3102 te
385 3036 557 3121 discipulos
580 3038 786 3117 abducerem,
810 3061 895 3105 nunc
926 3037 1042 3104 Catulo
1066 3039 1216 3105 audiente
1241 3045 1275 3106 et

160 3159 304 3240 Caesare,
331 3160 440 3226 videor
464 3161 577 3226 debere
599 3183 663 3226 non
688 3168 756 3226 tam
778 3184 922 3248 pugnare
945 3167 1051 3227 tecum
1075 3185 1171 3248 quam
1196 3165 1274 3243 quid

160 3285 226 3369 ipse
250 3284 385 3350 sentiam
408 3283 543 3350 dicere.''

203 3407 354 3492 Sequitur
388 3408 468 3473 artis
500 3408 658 3493 expositio
681 3408 886 3494 hujusmodi,
911 3416 965 3490 ut,
989 3411 1136 3496 quamvis
1167 3413 1275 3478 omnia

161 3533 364 3619 attingantur
385 3554 467 3617 quae
490 3533 529 3596 de
551 3531 736 3597 inventione
759 3536 856 3616 atque
878 3534 1051 3600 collatione
1074 3559 1198 3615 rerum,
1221 3539 1275 3603 de·

160 3678 221 3741 que
245 3657 393 3721 memorio
415 3655 556 3740 praecipi
578 3655 694 3734 solent,
718 3655 801 3720 nihil
824 3660 931 3722 tamen
949 3658 1104 3724 fastidiosi
1118 3664 1175 3723 aut
1194 3660 1276 3724 aridi

160 3781 294 3866 irrepat:
325 3779 373 3844 ita
396 3781 558 3865 sapienter
581 3778 775 3857 luminibus,
799 3780 953 3865 exemplis
981 3782 1177 3860 illustribus,
1200 3807 1276 3849 nar-

161 3905 350 3982 rationibus,
373 3903 522 3990 vulgaria
545 3903 601 3968 illa
615 3903 838 3988 perficiuntur,
857 3905 1059 3986 condiuntur,
1072 3907 1277 3996 distinguun-

163 4033 224 4094 tur.
248 4028 413 4107 Advertit,
440 4050 539 4111 quam
562 4027 725 4092 immerito
747 4028 780 4090 in
804 4028 1030 4096 distributione
1054 4032 1134 4096 artis
1164 4055 1277 4098 causae

163 4152 307 4219 infinitae
333 4151 561 4246 negligentum
584 4157 682 4238 negat
704 4151 925 4218 laudationum
949 4177 1050 4241 genus
1067 4157 1192 4240 potiore
1205 4157 1277 4241 jure

164 4279 327 4362 tamquam
351 4277 483 4341 tertium
507 4297 608 4361 genus
631 4274 914 4359 disceptationibus
937 4283 969 4343 et
992 4279 1193 4345 suasionibus
1223 4282 1279 4346 ad-

164 4401 252 4490 jungi
282 4423 379 4490 quam
409 4404 466 4466 aut
496 4399 702 4482 testimonia,
729 4401 786 4465 aut
815 4399 982 4481 mandata,
1014 4407 1071 4468 aut
1099 4402 1278 4476 historiam.
