3366 5206
916 557 980 633 rol

385 772 501 864 quibus
533 772 568 844 in
589 773 685 844 rebus
707 779 740 844 et
762 797 826 864 quc
853 777 926 863 jure
949 798 969 844 a
991 775 1140 866 magistri
1171 775 1317 846 doctrine
1339 779 1510 850 recesserit

383 900 520 968 Tullius.
559 901 662 988 Atqui
684 901 883 980 sentcntiae,
907 924 987 988 quas
1009 902 1104 968 modo
1134 903 1346 983 contulimus,
1379 905 1412 970 id
1441 927 1509 989 quo

384 1024 523 1090 maxime
534 1025 776 1091 differanthaud
785 1026 917 1091 obscure
926 1025 1119 1111 significant.
1131 1026 1226 1093 Plato
1239 1029 1424 1096 dialecticae
1437 1053 1510 1096 om-

386 1148 436 1212 uis
447 1149 622 1232 sapientiae
634 1149 891 1233 atquascientiaa
902 1150 1116 1233 principatum
1126 1152 1279 1219 concedit.
1294 1153 1375 1229 Quid
1384 1158 1433 1220 est
1444 1155 1510 1241 igi·

387 1277 440 1338 tur
453 1273 538 1356 qnod
550 1271 669 1350 Cicero,
683 1272 811 1337 utribus
820 1271 1041 1358 philosophiae
1049 1275 1206 1359 partibus,
1219 1298 1284 1343 non
1295 1299 1364 1343 cam
1378 1283 1510 1344 tanturn

387 1399 526 1480 quaeest
536 1394 962 1461 »denaturaeobscuritate'’
972 1397 1027 1462 sed
1036 1397 1251 1465 ›disserendi”
1260 1402 1370 1479 etiam,
1383 1401 1512 1466 »subti-

386 1487 534 1586 litarem*
547 1519 641 1585 facile
648 1519 806 1606 largiatur
813 1521 947 1586 inertiae
958 1522 1108 1585 nostrae?
1121 1521 1204 1587 Fieri
1213 1526 1267 1609 qui
1276 1528 1394 1608 potest,
1407 1529 1444 1591 ut
1452 1525 1512 1610 qui

388 1648 556 1728 tantopere
569 1644 767 1710 commendet
779 1643 979 1728 sapientiam,
998 1665 1036 1708 ex
1056 1645 1143 1710 omui
1158 1647 1315 1731 sapientia
1327 1653 1394 1714 tum
1413 1647 1511 1714 facile

388 1769 477 1834 illam
489 1771 615 1852 partem
630 1767 754 1855 negligi
769 1768 923 1852 patiatur,
934 1789 1016 1851 quae
1029 1807 1069 1815 -
1084 1771 1121 1832 ut
1131 1769 1200 1853 ipsc
1212 1770 1245 1837 iu
1261 1772 1452 1839 Tusculanis
1467 1812 1511 1822 —

392 1915 470 1977 »per
504 1914 613 1958 omncs
636 1896 744 1978 partes
768 1891 943 1976 sapientiae
967 1897 1077 1957 manat
1098 1897 1131 1958 et
1152 1894 1309 1974 funditur,
1332 1919 1415 1980 quae
1438 1919 1511 1961 rem

391 2015 525 2095 delinit,
548 2037 667 2101 genera
685 2016 853 2100 dispertit,
875 2016 1042 2098 sequentia
1065 2017 1234 2102 adjungit,
1267 2021 1409 2103 perfecta
1432 2041 1513 2083 con-

391 2139 502 2216 cludit,
526 2161 601 2204 vera
624 2144 657 2205 et
679 2138 763 2205 falsa
784 2139 948 2223 dijudicat,
973 2139 1146 2206 disserendi
1169 2143 1308 2207 ratioet
1331 2142 1512 2208 scientia?”

437 2263 580 2348 Saepius,
604 2264 718 2341 fateor,
742 2263 882 2328 mirabar
894 2261 1093 2329 dialecticam
1112 2287 1178 2329 non
1192 2266 1297 2331 acrius
1313 2267 1347 2332 in
1359 2265 1514 2332 oratoriis

391 2387 478 2452 hisco
500 2388 591 2452 libris
614 2388 736 2453 oratori
760 2387 928 2463 vindicari3
951 2387 1046 2471 idque
1071 2410 1108 2453 eo
1127 2390 1240 2474 magis,
1264 2390 1350 2473 quod
1371 2389 1405 2454 in
1424 2387 1513 2453 libro
1552 2423 1554 2425 ·

391 2513 448 2596 qui
472 2511 656 2577 inscribitur
677 2511 837 2577 »Orator''
862 2510 972 2576 Cicero
996 2532 1065 2575 cam
1089 2513 1180 2595 quasi
1202 2514 1368 2597 potissimo
1385 2511 1455 2578 loco
1475 2512 1513 2576 iu

393 2636 574 2720 eloquentis
597 2633 812 2719 suppellectili
836 2638 943 2717 ponat.
977 2634 1100 2712 elissa,
1129 2636 1258 2719 iuquit,
1280 2638 1421 2720 perfecte
1443 2634 1517 2701 elo·

392 2759 519 2843 quentis
547 2763 626 2842 puto
654 2781 719 2824 nou
747 2779 817 2823 cam
845 2757 946 2824 solam
977 2758 1163 2824 facultatem
1195 2759 1331 2838 habere,
1362 2760 1515 2844 quaesit

392 2885 461 2968 ejus
483 2883 633 2968 propria,
660 2883 729 2948 fuse
754 2882 883 2967 lateque
904 2881 1049 2960 dicendi,
1074 2882 1129 2947 scd
1152 2883 1249 2948 etiarn
1278 2883 1417 2949 vicinam
1439 2882 1515 2966 ejus

392 3011 490 3092 atquc
513 3000 682 3072 finitimam
706 3006 942 3073 dialecticorum
965 2989 1132 3071 scientiam
1154 3009 1347 3073 assumerc.”

436 3131 590 3197 Attamen
617 3154 721 3216 neque
744 3155 763 3196 a
785 3131 889 3214 seipso
913 3129 1065 3207 dissidet,
1094 3152 1152 3194 uec
1175 3134 1294 3196 temere
1318 3135 1375 3196 aut
1397 3131 1514 3196 incon·

392 3256 477 3321 sulto
511 3255 552 3319 ab
586 3277 623 3321 co
647 3255 814 3332 dissentit,
845 3275 917 3318 cum
944 3275 1009 3337 quo
1037 3275 1145 3318 errare
1168 3254 1292 3320 mavult
1325 3256 1376 3340 (ut
1406 3254 1453 3319 ait
1477 3255 1515 3318 in

393 3378 597 3465 Tusculanis)
619 3378 645 3466 ¹)
669 3400 766 3463 quarn
788 3398 860 3442 cum
883 3376 1017 3440 minutis
1048 3375 1249 3461 philosophis
1274 3400 1351 3442 vera
1381 3377 1514 3442 sentire.

440 3501 521 3567 Vide
549 3503 626 3586 quid
653 3503 698 3565 rei
722 3500 774 3568 sit.
808 3499 884 3564 Fuit
915 3521 991 3565 sane
1026 3498 1156 3565 Platoni
1182 3502 1373 3583 gravissima
1401 3524 1517 3580 causa,

394 3652 451 3694 cur
474 3629 610 3693 maxime
633 3626 800 3691 extolleret
824 3625 913 3690 illam
938 3625 1159 3710 philosophiae
1181 3631 1318 3708 partem,
1338 3626 1429 3710 cujus
1443 3625 1517 3709 ipse

395 3753 487 3839 quasi
497 3753 617 3837 primu
625 3755 736 3815 auctor
745 3750 941 3815 exstititerit.
950 3750 1125 3835 Postquam
1133 3750 1218 3815 enim
1226 3749 1321 3834 prisci
1329 3748 1519 3834 philosophi

395 3879 429 3942 iu
463 3876 531 3942 sola
559 3874 753 3940 obscuritate
784 3879 919 3938 naturae
946 3875 1064 3939 versati
1098 3877 1196 3952 sunt,
1228 3872 1374 3939 Socrates
1404 3876 1519 3936 autem

396 4002 435 4066 dc
458 4000 524 4066 vita
548 4005 581 4065 ct
604 3998 745 4063 moribus
771 3998 926 4083 rebusque
950 3997 1041 4063 bonis
1066 4001 1098 4063 et
1122 3997 1213 4062 malis
1236 3995 1418 4082 quaerendo
1441 3993 1520 4079 phi-

438 4391 462 4460 l)
481 4391 500 4447 l.
520 4392 563 4445 17.
583 4392 615 4444 cf.
635 4391 699 4445 ibid.
718 4390 749 4444 V.
770 4393 802 4443 72
821 4394 849 4444 et
865 4388 908 4444 Or.
926 4390 987 4443 113.
