3404 5198
680 570 722 646 61

146 784 367 867 incrementis,
390 783 507 872 quibus
529 783 609 856 hune
633 787 771 858 maxime
793 792 896 867 netur,
920 794 953 854 et
975 795 1096 856 eeteros
1120 790 1261 879 discipli·

147 934 202 979 nne
232 916 267 977 et
297 914 408 981 nostru
433 911 562 978 unxerit
593 910 722 987 studin;
756 911 950 984 admiramur
978 936 1197 1001 quoecumque
1226 919 1261 983 in

147 1037 351 1116 medioorurn,
370 1039 429 1102 unt
447 1035 654 1122 physieorum
670 1041 728 1102 aut
745 1035 1044 1107 mathematicorum
1056 1039 1181 1106 artibus
1193 1045 1262 1106 stu-

147 1161 232 1226 diose
256 1160 421 1245 quaesite,
445 1162 544 1244 utque
567 1158 733 1244 ingeniose
756 1160 908 1238 invento,
932 1160 1099 1228 huminum
1125 1161 1263 1234 utilitati

148 1287 221 1348 sunt
246 1283 416 1368 epplioatu.
442 1282 562 1367 Atque,
586 1285 623 1345 ut
645 1282 722 1346 solis
744 1283 863 1348 nostris
886 1283 1004 1350 litteris
1022 1307 1080 1350 nos
1099 1285 1263 1352 eontinen-

149 1429 236 1484 mus.
260 1429 384 1478 summe
408 1406 584 1483 laetemur,
607 1405 693 1490 quod
717 1404 882 1474 doctorum
906 1406 1047 1476 uirorum
1069 1408 1263 1492 perspicien-

147 1529 191 1598 tie
213 1528 423 1612 sollertiaque
444 1527 566 1600 multoe
590 1527 735 1602 mnoulue
758 1533 834 1597 sunt
854 1529 1035 1607 abstersae,
1063 1530 1182 1602 multoe
1209 1556 1263 1601 eu·

146 1653 263 1742 ligines
297 1657 373 1719 sunt
405 1651 588 1728 discussae,
619 1651 735 1736 quibus
765 1649 960 1720 Grueeorum
983 1652 1264 1741 Romanorumque

148 1776 311 1860 prneelnre
334 1797 432 1860 opere
460 1775 588 1848 foedato
614 1779 706 1844 erunt
730 1765 827 1860 utque
850 1776 963 1846 offuso.
985 1775 1114 1853 Quanto
1138 1779 1264 1859 melius,

149 1905 219 1984 post
242 1900 280 1966 F.
303 1899 344 1968 A.
367 1897 469 1977 Wolf,
491 1900 582 1982 eujus
604 1920 719 1968 eureus
741 1898 880 1977 libellus¹
902 1899 1183 1996 innumerabilium
1204 1905 1265 1972 ori·

148 2024 284 2094 tinorum
307 2045 440 2107 opernm
456 2027 640 2107 procreator
652 2026 685 2090 et
697 2024 789 2107 quusi
801 2045 927 2108 perenn,
944 2023 1038 2092 modo
1055 2025 1263 2095 centesimum

149 2145 289 2232 explevit
313 2146 430 2216 neuris
452 2167 586 2214 onnnm:
600 2186 642 2195 -
655 2152 777 2231 qnonto
797 2147 922 2224 melius,
934 2147 1078 2230 inquam,
1089 2171 1174 2214 nune
1189 2173 1265 2238 oug-

149 2271 217 2340 nitu
259 2274 336 2340 sunt
373 2270 592 2355 antiquorum
614 2268 724 2357 leges,
764 2293 891 2350 mures,
929 2271 1100 2350 institutor
1141 2281 1264 2358 quanto

150 2393 343 2479 loeupletio'r
372 2398 406 2462 et
429 2394 491 2466 lide
517 2393 645 2480 dignior
667 2393 752 2467 neta
779 2399 828 2460 est
856 2397 971 2466 »tostis
998 2395 1056 2465 ille
1085 2401 1265 2484 temporum

151 2542 187 2586 uo
228 2520 314 2593 sitne
359 2518 558 2605 mugistrff,
599 2522 673 2603 post
717 2521 768 2586 ton
814 2517 936 2597 libros,
980 2517 1125 2605 lapides,
1168 2523 1266 2590 donu-

151 2648 270 2723 menlu‚
292 2665 418 2714 summu
439 2642 546 2712 studio
569 2641 1106 2728 summequeprndenuaqunesiu,
1120 2645 1266 2729 cellesis,
1339 2641 1341 2646 ’

152 2767 328 2854 expliontnl
360 2766 483 2839 Verum
512 2767 584 2836 ideo
613 2766 653 2836 de
684 2765 771 2836 nere
798 2766 946 2836 omnibns
972 2768 1162 2854 goudemus:
1190 2772 1267 2856 quin

152 2893 330 2977 paratiores
352 2892 569 2977 pruebuernnt
592 2891 681 2970 nius,
706 2890 823 2976 quibus
844 2891 974 2975 iuuenes
995 2893 1156 2978 eeterique
1178 2893 1268 2963 litte·

152 3037 261 3086 rurum
282 3016 378 3090 nmini
402 3014 641 3090 amoenissimus
663 3013 736 3085 illes
759 3013 851 3098 qnasi
873 3014 1021 3100 regiones
1038 3017 1127 3084 odire
1147 3022 1180 3084 et
1194 3041 1268 3103 per·

27 3141 29 3150 ’
153 3140 292 3215 lustrare
315 3141 450 3223 possint.
466 3140 642 3224 Propioreu
656 3140 742 3212 eninr
758 3139 965 3224 antiquorum
980 3138 1105 3209 litteren
1123 3141 1268 3223 uelimus,

152 3267 230 3350 quin
252 3265 315 3332 hoo
338 3264 551 3338 inmunitatis
573 3284 700 3350 genere,
713 3263 871 3343 telenum
899 3263 1001 3334 exonii
1023 3267 1056 3330 et
1076 3287 1175 3350 supro
1196 3267 1269 3334 unl-

153 3389 246 3475 guriu
268 3393 303 3454 et
324 3388 514 3474 quotidiana
537 3389 670 3473 negotiu
692 3410 751 3460 nos
773 3386 881 3460 attolli
904 3386 1074 3465 sentimm3
1096 3389 1173 3472 qnia
1195 3411 1269 3459 sen·

153 3513 265 3584 tentiis
289 3513 355 3584 illis
378 3511 634 3598 prudentissimis
650 3515 785 3582 uenusto
804 3511 999 3598 egregioque
1010 3532 1155 3583 sermone
1166 3535 1268 3584 enun-

153 3636 244 3708 lintis
263 3638 424 3710 reficimur
434 3641 468 3704 et
479 3658 680 3712 tenesmum
695 3636 782 3722 quio,
798 3636 824 3706 si
838 3635 1027 3705 Divinarum
1037 3639 1071 3705 et
1080 3635 1268 3706 coelestium

152 3783 259 3833 rerum
272 3761 574 3847 contemplationem
585 3763 771 3834 sturnorum
783 3760 971 3845 erumpimus,
991 3760 1045 3828 uix
1056 3759 1122 3827 ulle
1134 3765 1269 3846 opponet

27 3934 28 3959 t
153 3885 302 3972 volupes
324 3887 454 3956 homine
476 3886 604 3972 dignior
627 3908 682 3964 en,
703 3908 787 3970 quoe
810 3907 850 3950 ex
873 3883 1113 3970 pulchritudine
1135 3885 1169 3954 in
1192 3907 1269 3970 ope·

153 4011 242 4084 ribus
266 4013 345 4084 artis
368 4011 553 4096 percipitur.
578 4009 640 4085 Qui
663 4031 739 4078 vern
753 4031 863 4078 omnes
879 4031 971 4082 onnus
989 4029 1063 4080 suus
1075 4013 1268 4080 consumunt

27 4127 29 4156 '
153 4136 186 4201 in
211 4137 432 4203 emendatione
461 4141 494 4202 et
520 4135 788 4220 interpretatione
808 4155 919 4200 eorum
942 4133 1110 4211 librorum,
1133 4133 1189 4217 qui
1216 4133 1267 4197 in·

27 4305 28 4326 r
153 4259 242 4346 digni
265 4267 353 4339 sunt,
377 4264 413 4327 ut
436 4283 454 4326 a
477 4260 629 4345 quopiam
647 4260 811 4346 leguntur,
834 4263 890 4324 nut
908 4257 1061 4324 acerrime
1072 4257 1269 4343 investigent
1390 4300 1393 4305 -

27 4469 28 4472 Ἴ
153 4406 235 4471 quae
268 4383 320 4450 vel
355 4384 430 4451 seiri
456 4383 688 4470 nonpossint,
725 4382 777 4449 vel
806 4405 941 4469 quorum
971 4382 1113 4470 uognitio
1147 4382 1268 4456 nemini
