3366 5206
665 571 707 642 69

135 790 199 866 est;
223 811 326 875 neque
360 811 489 875 operam
513 789 596 856 dabo
631 793 667 856 ut
701 812 811 856 omnes
841 790 971 855 omnino
1006 790 1137 856 afferam
1172 814 1247 856 aue·

132 917 238 991 tores,
272 915 389 999 quibus
426 915 510 981 forte
553 915 687 980 minima
722 915 879 1000 quaedam
914 914 1030 980 horum
1065 937 1248 980 sermonum

132 1037 314 1103 debeantur.
360 1039 492 1117 Metuo,
514 1039 655 1126 ingenue
689 1039 814 1118 fateor,
842 1061 882 1104 ne
909 1039 1069 1104 incurram
1093 1042 1126 1103 in
1162 1039 1249 1105 vitu-

132 1161 308 1244 perationes
329 1161 450 1228 similes
472 1161 548 1240 illis,
571 1163 689 1248 quibus
712 1185 815 1248 nuper
838 1167 904 1228 tam
940 1163 1054 1229 lestive
1090 1162 1248 1249 exagitati

132 1289 206 1350 sunt
226 1285 281 1350 isti
303 1285 500 1370 syllaborum
523 1309 680 1372 aucupes,
711 1286 767 1372 qui
796 1308 836 1351 ex
870 1285 1058 1351 brevissimo
1092 1291 1249 1352 commate

134 1406 278 1494 ›Ipuer”
302 1413 409 1475 anter
432 1433 492 1476 usu
517 1412 601 1476 vocis
623 1409 863 1496 ›pyramidae”,
887 1411 993 1475 neseio
1005 1433 1101 1496 quam
1113 1411 1248 1476 duorum

131 1538 293 1618 pottarum
317 1533 582 1601 necessitudinem
606 1535 803 1618 eollegerant
829 1575 868 1583 -
893 1538 1035 1600 aeterum
1048 1534 1162 1611 seeuri,
1177 1537 1249 1598 uter

133 1659 292 1726 venustior
315 1663 399 1725 esset
420 1664 526 1739 vates,
551 1663 624 1726 uter
646 1660 814 1737 fervidior,
838 1663 909 1725 uter
932 1658 1140 1724 numerosior.
1164 1657 1249 1722 Red-

134 1781 210 1848 dunt
233 1804 292 1848 nos
320 1782 426 1849 aliena
459 1784 637 1870 perieulum
673 1787 819 1848 eentum:
855 1781 1043 1867 praesertim
1078 1803 1150 1846 eum
1181 1781 1249 1845 sine

134 1928 247 1993 magno
271 1907 478 1987 detrimento,
502 1909 565 1974 nisi
588 1908 701 1985 fallor,
725 1929 744 1972 a
767 1906 892 1971 minuta
915 1904 974 1970 illa
997 1905 1165 1992 diligentia
1194 1905 1251 1969 ab·

135 2031 250 2096 stinere
283 2031 391 2096 lieeat.
414 2072 456 2080 —-
481 2031 573 2109 Quid,
593 2054 723 2118 quaeso,
746 2032 866 2096 attinet
888 2031 922 2094 in
945 2029 1081 2116 singulis
1104 2027 1183 2092 loeis
1198 2049 1251 2091 ao·

136 2158 240 2220 aurate
263 2155 353 2233 seire,
377 2156 448 2240 quis
470 2155 547 2241 quid
569 2157 658 2240 prius
680 2155 820 2221 dixerit?
844 2155 893 2221 Sit
916 2155 1005 2220 nefas
1028 2155 1062 2219 in
1085 2152 1253 2219 severiori·

142 2277 196 2342 bus
218 2277 395 2364 disciplinis
417 2278 583 2366 ingeniose
605 2281 737 2346 inventa
761 2279 890 2356 referre,
913 2278 976 2342 nisi
999 2277 1146 2364 religiose
1169 2275 1252 2340 indi-

135 2402 261 2480 caveris,
286 2403 358 2488 quis
381 2401 503 2488 primus
526 2426 635 2470 eorum
658 2407 771 2468 auctor
793 2403 907 2468 luerit:
920 2405 999 2481 esto,
1015 2423 1078 2467 non
1092 2407 1252 2486 repugnet

136 2526 174 2591 sit
196 2549 272 2592 suns
294 2527 410 2612 auique
433 2527 547 2593 honor.
571 2526 633 2594 Sed
657 2528 690 2592 in
714 2526 832 2594 litteris
855 2525 1005 2592 humanis
1028 2524 1092 2591 alia
1111 2525 1252 2611 agimns3

135 2671 196 2716 non
219 2649 291 2735 quis
314 2651 441 2730 dixerit,
466 2652 521 2716 sed
544 2652 621 2738 quid
651 2652 778 2716 dieatur
801 2652 1005 2717 attendimus.
1035 2649 1118 2726 Quid
1146 2648 1253 2714 hercle

136 2773 266 2840 interest
300 2775 339 2839 ad
363 2775 593 2841 relaxationem
618 2780 650 2842 et
674 2775 946 2842 oblectamentum
969 2775 1087 2852 animi,
1120 2774 1161 2838 ad
1184 2773 1252 2838 eul-

133 2900 237 2964 turam
260 2898 397 2986 ingenii,
422 2900 462 2965 ad
484 2901 587 2984 ipsam
611 2899 700 2965 illam
723 2899 978 2977 humanitatem,
999 2921 1095 2984 quam
1127 2897 1252 2995 litteras

138 3019 262 3086 oolendo
285 3023 477 3106 quaerimus,
506 3063 544 3070 -—
570 3045 790 3109 quaecumque
826 3023 987 3108 sapienter
1009 3022 1154 3107 lepidere
1177 3025 1253 3086 sunt

138 3142 230 3222 diota,
254 3166 292 3209 ao
314 3145 436 3210 dicendi
459 3146 553 3212 flores
576 3168 686 3212 omnes
709 3151 741 3212 et
763 3147 884 3235 figuras
907 3147 1055 3234 religiose
1079 3147 1144 3212 suis
1173 3169 1249 3212 aue·

137 3269 256 3336 toribus
279 3270 399 3336 tribui?

178 3394 273 3471 Quasi
294 3417 369 3460 vero
392 3396 432 3460 ad
454 3396 683 3482 praestantiam
710 3401 743 3462 et
765 3395 1036 3481 pulchritudinem
1065 3395 1170 3480 operis
1193 3400 1250 3459 aut

137 3515 172 3580 ad
191 3515 351 3583 Oioeronis
372 3518 482 3584 laudes
508 3518 646 3584 multum
670 3520 963 3603 pertineat,utrum
983 3520 1078 3607 plura
1103 3543 1144 3584 an
1168 3542 1248 3604 pau-

139 3639 218 3706 eiora
240 3640 368 3708 aliunde
391 3642 579 3729 deprompta
602 3644 814 3728 conjunxerit!
850 3643 933 3710 Sane
956 3645 1082 3730 antiqui
1105 3667 1170 3710 non
1200 3645 1249 3708 ita

139 3765 324 3830 sentiebant.
348 3765 402 3830 Illi
424 3767 618 3850 optimorum
641 3767 832 3852 scriptorum
856 3789 953 3853 opera
982 3774 1147 3854 tamquam
1177 3768 1250 3834 the-

140 3907 242 3954 sauros
265 3888 427 3955 habebant
450 3891 497 3955 ita
519 3891 673 3975 sepositos
695 3891 728 3955 in
752 3890 929 3957 utilitatem
958 3915 1178 3972 communem,
1212 3898 1250 3957 nt

140 4033 197 4077 non
219 4014 341 4080 minore
367 4013 459 4080 lande
481 4014 597 4101 dignus
620 4015 800 4095 videretur,
824 4017 880 4101 qui
902 4016 976 4082 illos
999 4016 1102 4081 multa
1124 4020 1193 4082 arte
1216 4018 1249 4082 in

140 4156 226 4201 suum
248 4159 341 4202 usum
365 4143 575 4218 converteret,
598 4161 695 4224 quam
718 4140 774 4225 qui
798 4141 920 4225 primus
942 4141 1055 4227 ignota
1067 4142 1250 4228 indiotaque

137 4258 241 4352 :desua
252 4267 422 4346 promeret.
441 4261 553 4348 Neque
575 4263 610 4328 in
625 4263 705 4352 artis
722 4264 871 4349 operibus
886 4266 1090 4331 aestimandis
1102 4288 1139 4332 ea
1163 4289 1252 4331 mon-

141 4403 210 4450 sura
232 4387 372 4451 auctoris
402 4386 529 4455 laudem
560 4387 790 4467 metiebantur,
825 4393 863 4454 ut
896 4391 1019 4455 ouriose
1053 4391 1252 4475 inquirerent
