<?xml version="1.0" encoding="UTF-8"?>
<!DOCTYPE html PUBLIC "-//W3C//DTD XHTML 1.0 Transitional//EN"
    "http://www.w3.org/TR/xhtml1/DTD/xhtml1-transitional.dtd">
<html xmlns="http://www.w3.org/1999/xhtml" xml:lang="en" lang="en">
 <head>
  <title>
</title>
<meta http-equiv="Content-Type" content="text/html;charset=utf-8" />
  <meta name='ocr-system' content='tesseract 3.04.00' />
  <meta name='ocr-capabilities' content='ocr_page ocr_carea ocr_par ocr_line ocrx_word'/>
</head>
<body>
  <div class='ocr_page' id='page_1' title='image "./demtulliicicero01vessgoog_0052.png"; bbox 0 0 3404 5198; ppageno 0'>
   <div class='ocr_carea' id='block_1_1' title="bbox 701 590 743 658">
    <p class='ocr_par' dir='ltr' id='par_1_1' title="bbox 701 590 743 658">
     <span class='ocr_line' id='line_1_1' title="bbox 701 590 743 658; baseline 0 0"><span class='ocrx_word' id='word_1_1' title='bbox 701 590 743 658; x_wconf 82' lang='lat'>41</span> 
     </span>
    </p>
   </div>
   <div class='ocr_carea' id='block_1_2' title="bbox 159 805 1284 1640">
    <p class='ocr_par' dir='ltr' id='par_1_2' title="bbox 159 805 1280 1141">
     <span class='ocr_line' id='line_1_2' title="bbox 159 805 1279 892; baseline -0.001 -20"><span class='ocrx_word' id='word_1_2' title='bbox 159 805 312 892; x_wconf 72' lang='lat' dir='ltr'>quentiae</span> <span class='ocrx_word' id='word_1_3' title='bbox 346 805 474 872; x_wconf 92' lang='lat' dir='ltr'>laudem</span> <span class='ocrx_word' id='word_1_4' title='bbox 507 805 572 871; x_wconf 89' lang='lat' dir='ltr'>sint</span> <span class='ocrx_word' id='word_1_5' title='bbox 605 806 736 890; x_wconf 90' lang='lat' dir='ltr'>adepti,</span> <span class='ocrx_word' id='word_1_6' title='bbox 770 807 847 882; x_wconf 85' lang='lat' dir='ltr'>sed,</span> <span class='ocrx_word' id='word_1_7' title='bbox 881 828 963 890; x_wconf 90' lang='lat' dir='ltr'>quae</span> <span class='ocrx_word' id='word_1_8' title='bbox 998 827 1055 871; x_wconf 87' lang='lat' dir='ltr'>sua</span> <span class='ocrx_word' id='word_1_9' title='bbox 1079 808 1194 890; x_wconf 89' lang='lat' dir='ltr'>sponte</span> <span class='ocrx_word' id='word_1_10' title='bbox 1218 805 1279 871; x_wconf 90' lang='lat' dir='ltr'>ho-</span> 
     </span>
     <span class='ocr_line' id='line_1_3' title="bbox 160 929 1280 1017; baseline 0 -21"><span class='ocrx_word' id='word_1_11' title='bbox 160 932 263 997; x_wconf 88' lang='lat' dir='ltr'>miues</span> <span class='ocrx_word' id='word_1_12' title='bbox 286 932 472 1016; x_wconf 88' lang='lat' dir='ltr'>eloquentes</span> <span class='ocrx_word' id='word_1_13' title='bbox 494 932 636 996; x_wconf 82' lang='lat' dir='ltr'>facerent</span> <span class='ocrx_word' id='word_1_14' title='bbox 659 953 696 996; x_wconf 91' lang='lat' dir='ltr'>ea</span> <span class='ocrx_word' id='word_1_15' title='bbox 720 931 873 1015; x_wconf 88' lang='lat' dir='ltr'>quosdam</span> <span class='ocrx_word' id='word_1_16' title='bbox 897 932 1080 998; x_wconf 80' lang='lat' dir='ltr'>observasse</span> <span class='ocrx_word' id='word_1_17' title='bbox 1104 929 1280 1017; x_wconf 86' lang='lat' dir='ltr'>atquecat-</span> 
     </span>
     <span class='ocr_line' id='line_1_4' title="bbox 160 1055 312 1141; baseline 0.007 -22"><span class='ocrx_word' id='word_1_18' title='bbox 160 1055 312 1141; x_wconf 79' lang='lat' dir='ltr'>legisse.’&#39;</span> 
     </span>
    </p>

    <p class='ocr_par' dir='ltr' id='par_1_3' title="bbox 159 1179 1284 1640">
     <span class='ocr_line' id='line_1_5' title="bbox 209 1179 1280 1266; baseline 0.003 -23"><span class='ocrx_word' id='word_1_19' title='bbox 209 1179 287 1243; x_wconf 91' lang='lat' dir='ltr'>Post</span> <span class='ocrx_word' id='word_1_20' title='bbox 319 1180 409 1244; x_wconf 88' lang='lat' dir='ltr'>varia</span> <span class='ocrx_word' id='word_1_21' title='bbox 443 1181 707 1246; x_wconf 68' lang='lat' dir='ltr'><strong>exercitationum</strong></span> <span class='ocrx_word' id='word_1_22' title='bbox 742 1202 878 1266; x_wconf 86' lang='lat' dir='ltr'>genera,</span> <span class='ocrx_word' id='word_1_23' title='bbox 912 1185 1072 1265; x_wconf 89' lang='lat' dir='ltr'>postremo</span> <span class='ocrx_word' id='word_1_24' title='bbox 1106 1182 1280 1247; x_wconf 88' lang='lat' dir='ltr'>multarum</span> 
     </span>
     <span class='ocr_line' id='line_1_6' title="bbox 159 1302 1280 1390; baseline 0.002 -23"><span class='ocrx_word' id='word_1_25' title='bbox 159 1325 272 1367; x_wconf 90' lang='lat' dir='ltr'>rerum</span> <span class='ocrx_word' id='word_1_26' title='bbox 284 1302 450 1368; x_wconf 88' lang='lat' dir='ltr'>scientiam</span> <span class='ocrx_word' id='word_1_27' title='bbox 473 1304 591 1369; x_wconf 88' lang='lat' dir='ltr'>iterum</span> <span class='ocrx_word' id='word_1_28' title='bbox 614 1304 828 1369; x_wconf 87' lang='lat' dir='ltr'>commendat:</span> <span class='ocrx_word' id='word_1_29' title='bbox 852 1305 1015 1390; x_wconf 81' lang='lat' dir='ltr'>»Legendi</span> <span class='ocrx_word' id='word_1_30' title='bbox 1028 1311 1150 1390; x_wconf 71' lang='lat' dir='ltr'>poetae,</span> <span class='ocrx_word' id='word_1_31' title='bbox 1164 1306 1280 1390; x_wconf 88' lang='lat' dir='ltr'>inquit,</span> 
     </span>
     <span class='ocr_line' id='line_1_7' title="bbox 162 1427 1284 1511; baseline 0.002 -21"><span class='ocrx_word' id='word_1_32' title='bbox 162 1427 403 1511; x_wconf 86' lang='lat' dir='ltr'>cognoscendae</span> <span class='ocrx_word' id='word_1_33' title='bbox 426 1427 597 1506; x_wconf 88' lang='lat' dir='ltr'>historiae,</span> <span class='ocrx_word' id='word_1_34' title='bbox 620 1428 763 1492; x_wconf 89' lang='lat' dir='ltr'>omniurn</span> <span class='ocrx_word' id='word_1_35' title='bbox 797 1428 954 1493; x_wconf 89' lang='lat' dir='ltr'>bonarum</span> <span class='ocrx_word' id='word_1_36' title='bbox 987 1429 1106 1494; x_wconf 88' lang='lat' dir='ltr'>artium</span> <span class='ocrx_word' id='word_1_37' title='bbox 1141 1430 1284 1494; x_wconf 89' lang='lat' dir='ltr'>doctores</span> 
     </span>
     <span class='ocr_line' id='line_1_8' title="bbox 162 1552 1284 1640; baseline 0 -25"><span class='ocrx_word' id='word_1_38' title='bbox 162 1555 263 1634; x_wconf 90' lang='lat' dir='ltr'>atque</span> <span class='ocrx_word' id='word_1_39' title='bbox 293 1552 463 1636; x_wconf 75' lang='lat' dir='ltr'>scriptores</span> <span class='ocrx_word' id='word_1_40' title='bbox 494 1553 622 1640; x_wconf 84' lang='lat' dir='ltr'>legendi</span> <span class='ocrx_word' id='word_1_41' title='bbox 657 1558 690 1620; x_wconf 92' lang='lat' dir='ltr'>et</span> <span class='ocrx_word' id='word_1_42' title='bbox 724 1553 948 1637; x_wconf 76' lang='lat' dir='ltr'>pervolutandi</span> <span class='ocrx_word' id='word_1_43' title='bbox 981 1558 1014 1619; x_wconf 93' lang='lat' dir='ltr'>et</span> <span class='ocrx_word' id='word_1_44' title='bbox 1048 1552 1284 1618; x_wconf 79' lang='lat' dir='ltr'>exercitationis</span> 
     </span>
    </p>
   </div>
   <div class='ocr_carea' id='block_1_3' title="bbox 164 1662 1317 1764">
    <p class='ocr_par' dir='ltr' id='par_1_4' title="bbox 164 1662 1317 1764">
     <span class='ocr_line' id='line_1_9' title="bbox 164 1662 1317 1764; baseline -0.002 -22"><span class='ocrx_word' id='word_1_45' title='bbox 164 1698 264 1742; x_wconf 87' lang='lat' dir='ltr'>causa</span> <span class='ocrx_word' id='word_1_46' title='bbox 285 1675 446 1754; x_wconf 88' lang='lat' dir='ltr'>laudandi,</span> <span class='ocrx_word' id='word_1_47' title='bbox 470 1677 719 1761; x_wconf 86' lang='lat' dir='ltr'>interpretandi,</span> <span class='ocrx_word' id='word_1_48' title='bbox 744 1677 941 1764; x_wconf 85' lang='lat' dir='ltr'>corrigendi,</span> <span class='ocrx_word' id='word_1_49' title='bbox 965 1678 1167 1762; x_wconf 89' lang='lat' dir='ltr'>vituperandi</span> <span class='ocrx_word' id='word_1_50' title='bbox 1190 1675 1286 1741; x_wconf 88' lang='lat' dir='ltr'>refel·</span> <span class='ocrx_word' id='word_1_51' title='bbox 1315 1662 1317 1668; x_wconf 38' lang='lat'><strong><em>¹</em></strong></span> 
     </span>
    </p>
   </div>
   <div class='ocr_carea' id='block_1_4' title="bbox 159 1799 1287 4484">
    <p class='ocr_par' dir='ltr' id='par_1_5' title="bbox 159 1799 1287 4484">
     <span class='ocr_line' id='line_1_10' title="bbox 162 1799 1286 1886; baseline 0 -22"><span class='ocrx_word' id='word_1_52' title='bbox 162 1800 271 1875; x_wconf 90' lang='lat' dir='ltr'>lendi;</span> <span class='ocrx_word' id='word_1_53' title='bbox 295 1799 521 1884; x_wconf 87' lang='lat' dir='ltr'>disputandum</span> <span class='ocrx_word' id='word_1_54' title='bbox 545 1801 583 1864; x_wconf 92' lang='lat' dir='ltr'>de</span> <span class='ocrx_word' id='word_1_55' title='bbox 607 1800 694 1865; x_wconf 88' lang='lat' dir='ltr'>omni</span> <span class='ocrx_word' id='word_1_56' title='bbox 707 1823 751 1877; x_wconf 92' lang='lat' dir='ltr'>re,</span> <span class='ocrx_word' id='word_1_57' title='bbox 764 1800 1003 1884; x_wconf 87' lang='lat' dir='ltr'>perdiscendum</span> <span class='ocrx_word' id='word_1_58' title='bbox 1022 1804 1077 1886; x_wconf 89' lang='lat' dir='ltr'>jus</span> <span class='ocrx_word' id='word_1_59' title='bbox 1089 1800 1192 1877; x_wconf 86' lang='lat' dir='ltr'>civile,</span> <span class='ocrx_word' id='word_1_60' title='bbox 1208 1822 1286 1886; x_wconf 85' lang='lat' dir='ltr'>cog·</span> 
     </span>
     <span class='ocr_line' id='line_1_11' title="bbox 165 1923 1284 2009; baseline -0.001 -21"><span class='ocrx_word' id='word_1_61' title='bbox 165 1923 345 1988; x_wconf 89' lang='lat' dir='ltr'>noscendae</span> <span class='ocrx_word' id='word_1_62' title='bbox 368 1923 473 2009; x_wconf 85' lang='lat' dir='ltr'>leges;</span> <span class='ocrx_word' id='word_1_63' title='bbox 497 1924 699 2008; x_wconf 87' lang='lat' dir='ltr'>percipienda</span> <span class='ocrx_word' id='word_1_64' title='bbox 721 1925 824 1988; x_wconf 89' lang='lat' dir='ltr'>omnis</span> <span class='ocrx_word' id='word_1_65' title='bbox 836 1924 1022 2009; x_wconf 89' lang='lat' dir='ltr'>antiquitas,</span> <span class='ocrx_word' id='word_1_66' title='bbox 1033 1925 1193 1989; x_wconf 88' lang='lat' dir='ltr'>senatoria</span> <span class='ocrx_word' id='word_1_67' title='bbox 1208 1946 1284 1988; x_wconf 89' lang='lat' dir='ltr'>con·</span> 
     </span>
     <span class='ocr_line' id='line_1_12' title="bbox 167 2046 1286 2133; baseline 0.001 -22"><span class='ocrx_word' id='word_1_68' title='bbox 167 2046 316 2123; x_wconf 87' lang='lat' dir='ltr'>suetudo,</span> <span class='ocrx_word' id='word_1_69' title='bbox 339 2046 507 2130; x_wconf 84' lang='lat' dir='ltr'>disciplina</span> <span class='ocrx_word' id='word_1_70' title='bbox 529 2048 575 2112; x_wconf 94' lang='lat' dir='ltr'>rei</span> <span class='ocrx_word' id='word_1_71' title='bbox 599 2048 756 2132; x_wconf 89' lang='lat' dir='ltr'>publicae,</span> <span class='ocrx_word' id='word_1_72' title='bbox 770 2049 846 2131; x_wconf 87' lang='lat' dir='ltr'>jura</span> <span class='ocrx_word' id='word_1_73' title='bbox 868 2047 1036 2125; x_wconf 87' lang='lat' dir='ltr'>sociorum,</span> <span class='ocrx_word' id='word_1_74' title='bbox 1049 2050 1189 2125; x_wconf 88' lang='lat' dir='ltr'>foedera,</span> <span class='ocrx_word' id='word_1_75' title='bbox 1212 2069 1286 2133; x_wconf 90' lang='lat' dir='ltr'>pac-</span> 
     </span>
     <span class='ocr_line' id='line_1_13' title="bbox 168 2171 1286 2258; baseline 0.001 -22"><span class='ocrx_word' id='word_1_76' title='bbox 168 2171 291 2246; x_wconf 90' lang='lat' dir='ltr'>tiones;</span> <span class='ocrx_word' id='word_1_77' title='bbox 313 2193 409 2236; x_wconf 89' lang='lat' dir='ltr'>eausa</span> <span class='ocrx_word' id='word_1_78' title='bbox 431 2171 557 2256; x_wconf 88' lang='lat' dir='ltr'>imperii</span> <span class='ocrx_word' id='word_1_79' title='bbox 581 2173 800 2258; x_wconf 84' lang='lat' dir='ltr'>cognoscenda</span> <span class='ocrx_word' id='word_1_80' title='bbox 823 2176 882 2250; x_wconf 88' lang='lat' dir='ltr'>est,</span> <span class='ocrx_word' id='word_1_81' title='bbox 905 2212 942 2220; x_wconf 91' lang='lat'>—</span> <span class='ocrx_word' id='word_1_82' title='bbox 969 2172 1116 2237; x_wconf 89' lang='lat' dir='ltr'>libandus</span> <span class='ocrx_word' id='word_1_83' title='bbox 1128 2178 1177 2237; x_wconf 89' lang='lat' dir='ltr'>est</span> <span class='ocrx_word' id='word_1_84' title='bbox 1189 2173 1286 2237; x_wconf 90' lang='lat' dir='ltr'>etiam</span> 
     </span>
     <span class='ocr_line' id='line_1_14' title="bbox 167 2295 1284 2382; baseline -0.001 -21"><span class='ocrx_word' id='word_1_85' title='bbox 167 2299 204 2361; x_wconf 92' lang='lat' dir='ltr'>et</span> <span class='ocrx_word' id='word_1_86' title='bbox 225 2318 263 2360; x_wconf 92' lang='lat' dir='ltr'>ex</span> <span class='ocrx_word' id='word_1_87' title='bbox 285 2296 372 2362; x_wconf 91' lang='lat' dir='ltr'>omni</span> <span class='ocrx_word' id='word_1_88' title='bbox 396 2318 513 2382; x_wconf 84' lang='lat' dir='ltr'>genere</span> <span class='ocrx_word' id='word_1_89' title='bbox 536 2295 728 2361; x_wconf 86' lang='lat' dir='ltr'>urbanitatis</span> <span class='ocrx_word' id='word_1_90' title='bbox 746 2295 996 2381; x_wconf 87' lang='lat' dir='ltr'>facetiarumque</span> <span class='ocrx_word' id='word_1_91' title='bbox 1012 2297 1140 2381; x_wconf 86' lang='lat' dir='ltr'>quidam</span> <span class='ocrx_word' id='word_1_92' title='bbox 1164 2296 1284 2380; x_wconf 87' lang='lat' dir='ltr'>lepos.”</span> 
     </span>
     <span class='ocr_line' id='line_1_15' title="bbox 214 2418 1285 2498; baseline -0.002 -13"><span class='ocrx_word' id='word_1_93' title='bbox 214 2420 301 2496; x_wconf 81' lang='lat' dir='ltr'>Quae</span> <span class='ocrx_word' id='word_1_94' title='bbox 324 2442 396 2485; x_wconf 90' lang='lat' dir='ltr'>cum</span> <span class='ocrx_word' id='word_1_95' title='bbox 419 2421 551 2486; x_wconf 81' lang='lat' dir='ltr'>Crassus</span> <span class='ocrx_word' id='word_1_96' title='bbox 573 2421 716 2498; x_wconf 83' lang='lat' dir='ltr'>dixisset,</span> <span class='ocrx_word' id='word_1_97' title='bbox 740 2418 903 2487; x_wconf 91' lang='lat' dir='ltr'>silentium</span> <span class='ocrx_word' id='word_1_98' title='bbox 916 2424 965 2485; x_wconf 88' lang='lat' dir='ltr'>est</span> <span class='ocrx_word' id='word_1_99' title='bbox 975 2424 1190 2486; x_wconf 87' lang='lat' dir='ltr'>consecutum.</span> <span class='ocrx_word' id='word_1_100' title='bbox 1204 2419 1285 2484; x_wconf 79' lang='lat' dir='ltr'>Cum</span> 
     </span>
     <span class='ocr_line' id='line_1_16' title="bbox 160 2543 1286 2630; baseline -0.004 -19"><span class='ocrx_word' id='word_1_101' title='bbox 160 2568 243 2624; x_wconf 48' lang='lat' dir='ltr'>¹vero</span> <span class='ocrx_word' id='word_1_102' title='bbox 271 2546 443 2623; x_wconf 87' lang='lat' dir='ltr'>sentirent,</span> <span class='ocrx_word' id='word_1_103' title='bbox 466 2546 521 2630; x_wconf 90' lang='lat' dir='ltr'>qui</span> <span class='ocrx_word' id='word_1_104' title='bbox 543 2546 694 2624; x_wconf 88' lang='lat' dir='ltr'>aderant,</span> <span class='ocrx_word' id='word_1_105' title='bbox 719 2545 852 2611; x_wconf 89' lang='lat' dir='ltr'>celerius</span> <span class='ocrx_word' id='word_1_106' title='bbox 875 2567 942 2610; x_wconf 87' lang='lat' dir='ltr'>esse</span> <span class='ocrx_word' id='word_1_107' title='bbox 966 2543 1069 2610; x_wconf 89' lang='lat' dir='ltr'>multo</span> <span class='ocrx_word' id='word_1_108' title='bbox 1099 2566 1195 2629; x_wconf 87' lang='lat' dir='ltr'>quanr</span> <span class='ocrx_word' id='word_1_109' title='bbox 1224 2544 1286 2628; x_wconf 89' lang='lat' dir='ltr'>ipsi</span> 
     </span>
     <span class='ocr_line' id='line_1_17' title="bbox 164 2667 1286 2754; baseline -0.002 -19"><span class='ocrx_word' id='word_1_110' title='bbox 164 2669 288 2735; x_wconf 84' lang='lat' dir='ltr'>vellent</span> <span class='ocrx_word' id='word_1_111' title='bbox 310 2669 407 2735; x_wconf 90' lang='lat' dir='ltr'>abeo</span> <span class='ocrx_word' id='word_1_112' title='bbox 430 2674 626 2754; x_wconf 91' lang='lat' dir='ltr'>peroratum,</span> <span class='ocrx_word' id='word_1_113' title='bbox 639 2691 722 2748; x_wconf 90' lang='lat' dir='ltr'>mox,</span> <span class='ocrx_word' id='word_1_114' title='bbox 746 2670 816 2754; x_wconf 89' lang='lat' dir='ltr'>ipso</span> <span class='ocrx_word' id='word_1_115' title='bbox 836 2667 989 2733; x_wconf 86' lang='lat' dir='ltr'>Scaevola</span> <span class='ocrx_word' id='word_1_116' title='bbox 1001 2672 1142 2752; x_wconf 87' lang='lat' dir='ltr'>petente,</span> <span class='ocrx_word' id='word_1_117' title='bbox 1153 2668 1286 2734; x_wconf 82' lang='lat' dir='ltr'>Crassus</span> 
     </span>
     <span class='ocr_line' id='line_1_18' title="bbox 166 2791 1286 2878; baseline 0 -22"><span class='ocrx_word' id='word_1_118' title='bbox 166 2814 207 2857; x_wconf 92' lang='lat' dir='ltr'>ex</span> <span class='ocrx_word' id='word_1_119' title='bbox 228 2791 268 2857; x_wconf 91' lang='lat' dir='ltr'>iis</span> <span class='ocrx_word' id='word_1_120' title='bbox 292 2815 373 2878; x_wconf 87' lang='lat' dir='ltr'>quae</span> <span class='ocrx_word' id='word_1_121' title='bbox 385 2791 568 2857; x_wconf 86' lang='lat' dir='ltr'>brevissime</span> <span class='ocrx_word' id='word_1_122' title='bbox 580 2796 791 2877; x_wconf 89' lang='lat' dir='ltr'>percurrerat,</span> <span class='ocrx_word' id='word_1_123' title='bbox 809 2814 846 2856; x_wconf 92' lang='lat' dir='ltr'>ea</span> <span class='ocrx_word' id='word_1_124' title='bbox 858 2793 1037 2857; x_wconf 88' lang='lat' dir='ltr'>accuratius</span> <span class='ocrx_word' id='word_1_125' title='bbox 1049 2793 1192 2877; x_wconf 87' lang='lat' dir='ltr'>exponit,</span> <span class='ocrx_word' id='word_1_126' title='bbox 1205 2814 1286 2877; x_wconf 90' lang='lat' dir='ltr'>quae</span> 
     </span>
     <span class='ocr_line' id='line_1_19' title="bbox 166 2915 1286 3006; baseline 0 -26"><span class='ocrx_word' id='word_1_127' title='bbox 166 2915 289 2981; x_wconf 89' lang='lat' dir='ltr'>oratori</span> <span class='ocrx_word' id='word_1_128' title='bbox 311 2916 531 3006; x_wconf 81' lang='lat' dir='ltr'>cognoscenda</span> <span class='ocrx_word' id='word_1_129' title='bbox 554 2937 622 2980; x_wconf 87' lang='lat' dir='ltr'>esse</span> <span class='ocrx_word' id='word_1_130' title='bbox 645 2915 779 2980; x_wconf 85' lang='lat' dir='ltr'>dixerat.</span> <span class='ocrx_word' id='word_1_131' title='bbox 796 2954 833 2964; x_wconf 94' lang='lat'><em>-</em></span> <span class='ocrx_word' id='word_1_132' title='bbox 851 2916 964 2981; x_wconf 88' lang='lat' dir='ltr'>Multis</span> <span class='ocrx_word' id='word_1_133' title='bbox 976 2916 1121 2981; x_wconf 89' lang='lat' dir='ltr'>adductis</span> <span class='ocrx_word' id='word_1_134' title='bbox 1133 2916 1286 3000; x_wconf 88' lang='lat' dir='ltr'>exemplis</span> 
     </span>
     <span class='ocr_line' id='line_1_20' title="bbox 166 3036 1286 3124; baseline 0.003 -22"><span class='ocrx_word' id='word_1_135' title='bbox 166 3041 201 3102; x_wconf 94' lang='lat' dir='ltr'>et</span> <span class='ocrx_word' id='word_1_136' title='bbox 222 3036 402 3102; x_wconf 88' lang='lat' dir='ltr'>rationibus</span> <span class='ocrx_word' id='word_1_137' title='bbox 425 3037 642 3115; x_wconf 89' lang='lat' dir='ltr'>demonstrat,</span> <span class='ocrx_word' id='word_1_138' title='bbox 665 3037 749 3122; x_wconf 87' lang='lat' dir='ltr'>juris</span> <span class='ocrx_word' id='word_1_139' title='bbox 784 3039 904 3123; x_wconf 89' lang='lat' dir='ltr'>publici</span> <span class='ocrx_word' id='word_1_140' title='bbox 939 3040 1120 3124; x_wconf 84' lang='lat' dir='ltr'>privatique</span> <span class='ocrx_word' id='word_1_141' title='bbox 1153 3040 1286 3106; x_wconf 88' lang='lat' dir='ltr'>scientia</span> 
     </span>
     <span class='ocr_line' id='line_1_21' title="bbox 165 3162 1286 3248; baseline 0.001 -20"><span class='ocrx_word' id='word_1_142' title='bbox 165 3186 263 3248; x_wconf 88' lang='lat' dir='ltr'>quam</span> <span class='ocrx_word' id='word_1_143' title='bbox 287 3162 376 3227; x_wconf 90' lang='lat' dir='ltr'>utilis</span> <span class='ocrx_word' id='word_1_144' title='bbox 399 3166 432 3228; x_wconf 92' lang='lat' dir='ltr'>et</span> <span class='ocrx_word' id='word_1_145' title='bbox 463 3163 641 3227; x_wconf 89' lang='lat' dir='ltr'>necessaria</span> <span class='ocrx_word' id='word_1_146' title='bbox 671 3163 714 3228; x_wconf 90' lang='lat' dir='ltr'>sit</span> <span class='ocrx_word' id='word_1_147' title='bbox 748 3163 886 3241; x_wconf 89' lang='lat' dir='ltr'>oratori,</span> <span class='ocrx_word' id='word_1_148' title='bbox 921 3187 1081 3248; x_wconf 91' lang='lat' dir='ltr'>quamque</span> <span class='ocrx_word' id='word_1_149' title='bbox 1116 3164 1220 3229; x_wconf 88' lang='lat' dir='ltr'>facilis</span> <span class='ocrx_word' id='word_1_150' title='bbox 1254 3169 1286 3229; x_wconf 93' lang='lat' dir='ltr'>et</span> 
     </span>
     <span class='ocr_line' id='line_1_22' title="bbox 159 3285 1286 3373; baseline 0.002 -23"><span class='ocrx_word' id='word_1_151' title='bbox 159 3286 303 3371; x_wconf 88' lang='lat' dir='ltr'>jucunda</span> <span class='ocrx_word' id='word_1_152' title='bbox 326 3286 367 3350; x_wconf 92' lang='lat' dir='ltr'>ad</span> <span class='ocrx_word' id='word_1_153' title='bbox 389 3285 583 3351; x_wconf 88' lang='lat' dir='ltr'>discendum.</span> <span class='ocrx_word' id='word_1_154' title='bbox 608 3285 688 3351; x_wconf 79' lang='lat' dir='ltr'>Cum</span> <span class='ocrx_word' id='word_1_155' title='bbox 701 3289 811 3352; x_wconf 88' lang='lat' dir='ltr'>tamen</span> <span class='ocrx_word' id='word_1_156' title='bbox 823 3287 861 3351; x_wconf 89' lang='lat' dir='ltr'>de</span> <span class='ocrx_word' id='word_1_157' title='bbox 873 3287 954 3352; x_wconf 88' lang='lat' dir='ltr'>artis</span> <span class='ocrx_word' id='word_1_158' title='bbox 966 3309 1093 3371; x_wconf 88' lang='lat' dir='ltr'>quoque</span> <span class='ocrx_word' id='word_1_159' title='bbox 1105 3288 1286 3373; x_wconf 86' lang='lat' dir='ltr'>praeceptis</span> 
     </span>
     <span class='ocr_line' id='line_1_23' title="bbox 163 3408 1261 3495; baseline 0.001 -21"><span class='ocrx_word' id='word_1_160' title='bbox 163 3408 257 3495; x_wconf 89' lang='lat' dir='ltr'>plura</span> <span class='ocrx_word' id='word_1_161' title='bbox 280 3408 389 3474; x_wconf 89' lang='lat' dir='ltr'>audire</span> <span class='ocrx_word' id='word_1_162' title='bbox 413 3409 560 3493; x_wconf 89' lang='lat' dir='ltr'>cupiant,</span> <span class='ocrx_word' id='word_1_163' title='bbox 584 3409 662 3476; x_wconf 89' lang='lat' dir='ltr'>haec</span> <span class='ocrx_word' id='word_1_164' title='bbox 686 3412 851 3495; x_wconf 86' lang='lat' dir='ltr'>provincia</span> <span class='ocrx_word' id='word_1_165' title='bbox 874 3411 1018 3477; x_wconf 80' lang='lat' dir='ltr'>Antonio</span> <span class='ocrx_word' id='word_1_166' title='bbox 1042 3412 1261 3477; x_wconf 89' lang='lat' dir='ltr'>demandatur.</span> 
     </span>
     <span class='ocr_line' id='line_1_24' title="bbox 209 3532 1284 3622; baseline 0.004 -26"><span class='ocrx_word' id='word_1_167' title='bbox 209 3532 270 3608; x_wconf 80' lang='lat' dir='ltr'>Qui</span> <span class='ocrx_word' id='word_1_168' title='bbox 292 3535 466 3615; x_wconf 88' lang='lat' dir='ltr'>antequam</span> <span class='ocrx_word' id='word_1_169' title='bbox 489 3533 529 3597; x_wconf 89' lang='lat' dir='ltr'>ad</span> <span class='ocrx_word' id='word_1_170' title='bbox 552 3532 642 3598; x_wconf 90' lang='lat' dir='ltr'>illam</span> <span class='ocrx_word' id='word_1_171' title='bbox 655 3539 779 3618; x_wconf 88' lang='lat' dir='ltr'>partem</span> <span class='ocrx_word' id='word_1_172' title='bbox 801 3537 1000 3622; x_wconf 84' lang='lat' dir='ltr'>aggreditur,</span> <span class='ocrx_word' id='word_1_173' title='bbox 1022 3536 1133 3601; x_wconf 88' lang='lat' dir='ltr'>multis</span> <span class='ocrx_word' id='word_1_174' title='bbox 1155 3535 1284 3620; x_wconf 90' lang='lat' dir='ltr'>quidem</span> 
     </span>
     <span class='ocr_line' id='line_1_25' title="bbox 165 3655 1287 3745; baseline 0.001 -24"><span class='ocrx_word' id='word_1_175' title='bbox 165 3655 268 3721; x_wconf 86' lang='lat' dir='ltr'>verbis</span> <span class='ocrx_word' id='word_1_176' title='bbox 292 3677 330 3720; x_wconf 87' lang='lat' dir='ltr'>ea</span> <span class='ocrx_word' id='word_1_177' title='bbox 352 3677 434 3739; x_wconf 88' lang='lat' dir='ltr'>quae</span> <span class='ocrx_word' id='word_1_178' title='bbox 455 3655 540 3720; x_wconf 85' lang='lat' dir='ltr'>dicta</span> <span class='ocrx_word' id='word_1_179' title='bbox 563 3664 638 3720; x_wconf 91' lang='lat' dir='ltr'>sunt</span> <span class='ocrx_word' id='word_1_180' title='bbox 662 3656 848 3745; x_wconf 79' lang='lat' dir='ltr'>impugnat3</span> <span class='ocrx_word' id='word_1_181' title='bbox 876 3659 1098 3745; x_wconf 85' lang='lat' dir='ltr'>magistamen</span> <span class='ocrx_word' id='word_1_182' title='bbox 1112 3659 1287 3724; x_wconf 84' lang='lat' dir='ltr'>contradi-</span> 
     </span>
     <span class='ocr_line' id='line_1_26' title="bbox 164 3777 1286 3869; baseline 0.004 -25"><span class='ocrx_word' id='word_1_183' title='bbox 164 3779 255 3844; x_wconf 90' lang='lat' dir='ltr'>cendi</span> <span class='ocrx_word' id='word_1_184' title='bbox 277 3777 432 3855; x_wconf 88' lang='lat' dir='ltr'>lubidine,</span> <span class='ocrx_word' id='word_1_185' title='bbox 444 3801 540 3863; x_wconf 90' lang='lat' dir='ltr'>quam</span> <span class='ocrx_word' id='word_1_186' title='bbox 553 3779 696 3844; x_wconf 86' lang='lat' dir='ltr'>veritatis</span> <span class='ocrx_word' id='word_1_187' title='bbox 709 3781 826 3858; x_wconf 89' lang='lat' dir='ltr'>studio,</span> <span class='ocrx_word' id='word_1_188' title='bbox 843 3819 879 3830; x_wconf 83' lang='lat'>-</span> <span class='ocrx_word' id='word_1_189' title='bbox 901 3783 985 3866; x_wconf 89' lang='lat' dir='ltr'>quod</span> <span class='ocrx_word' id='word_1_190' title='bbox 999 3789 1110 3866; x_wconf 87' lang='lat' dir='ltr'>postea</span> <span class='ocrx_word' id='word_1_191' title='bbox 1122 3784 1190 3869; x_wconf 89' lang='lat' dir='ltr'>ipse</span> <span class='ocrx_word' id='word_1_192' title='bbox 1203 3784 1286 3848; x_wconf 89' lang='lat' dir='ltr'>fate·</span> 
     </span>
     <span class='ocr_line' id='line_1_27' title="bbox 165 3901 1286 3989; baseline 0.004 -23"><span class='ocrx_word' id='word_1_193' title='bbox 165 3902 261 3966; x_wconf 88' lang='lat' dir='ltr'>bitur.</span> <span class='ocrx_word' id='word_1_194' title='bbox 275 3901 414 3966; x_wconf 85' lang='lat' dir='ltr'>Retenta</span> <span class='ocrx_word' id='word_1_195' title='bbox 436 3901 536 3988; x_wconf 81' lang='lat' dir='ltr'>igitur</span> <span class='ocrx_word' id='word_1_196' title='bbox 548 3902 750 3968; x_wconf 91' lang='lat' dir='ltr'>distinctione</span> <span class='ocrx_word' id='word_1_197' title='bbox 764 3903 965 3989; x_wconf 86' lang='lat' dir='ltr'>eloquentem</span> <span class='ocrx_word' id='word_1_198' title='bbox 978 3905 1063 3970; x_wconf 89' lang='lat' dir='ltr'>inter</span> <span class='ocrx_word' id='word_1_199' title='bbox 1076 3908 1108 3970; x_wconf 89' lang='lat' dir='ltr'>et</span> <span class='ocrx_word' id='word_1_200' title='bbox 1121 3906 1286 3984; x_wconf 87' lang='lat' dir='ltr'>disertum,</span> 
     </span>
     <span class='ocr_line' id='line_1_28' title="bbox 166 4025 1287 4123; baseline 0.005 -35"><span class='ocrx_word' id='word_1_201' title='bbox 166 4028 265 4123; x_wconf 85' lang='lat' dir='ltr'>negat</span> <span class='ocrx_word' id='word_1_202' title='bbox 289 4025 330 4089; x_wconf 91' lang='lat' dir='ltr'>ad</span> <span class='ocrx_word' id='word_1_203' title='bbox 354 4028 532 4102; x_wconf 90' lang='lat' dir='ltr'>oratorem,</span> <span class='ocrx_word' id='word_1_204' title='bbox 557 4026 684 4109; x_wconf 89' lang='lat' dir='ltr'>qualem</span> <span class='ocrx_word' id='word_1_205' title='bbox 714 4027 771 4092; x_wconf 93' lang='lat' dir='ltr'>illa</span> <span class='ocrx_word' id='word_1_206' title='bbox 793 4032 939 4111; x_wconf 88' lang='lat' dir='ltr'>tempora</span> <span class='ocrx_word' id='word_1_207' title='bbox 975 4029 1107 4115; x_wconf 89' lang='lat' dir='ltr'>exigant</span> <span class='ocrx_word' id='word_1_208' title='bbox 1142 4030 1219 4114; x_wconf 77' lang='lat' dir='ltr'>»qui</span> <span class='ocrx_word' id='word_1_209' title='bbox 1254 4033 1287 4094; x_wconf 93' lang='lat' dir='ltr'>et</span> 
     </span>
     <span class='ocr_line' id='line_1_29' title="bbox 167 4149 1285 4237; baseline 0.001 -22"><span class='ocrx_word' id='word_1_210' title='bbox 167 4151 271 4216; x_wconf 85' lang='lat' dir='ltr'>verbis</span> <span class='ocrx_word' id='word_1_211' title='bbox 295 4149 335 4215; x_wconf 90' lang='lat' dir='ltr'>ad</span> <span class='ocrx_word' id='word_1_212' title='bbox 358 4149 551 4215; x_wconf 89' lang='lat' dir='ltr'>audiendum</span> <span class='ocrx_word' id='word_1_213' title='bbox 575 4151 725 4234; x_wconf 86' lang='lat' dir='ltr'>jucundis</span> <span class='ocrx_word' id='word_1_214' title='bbox 749 4156 781 4215; x_wconf 94' lang='lat' dir='ltr'>et</span> <span class='ocrx_word' id='word_1_215' title='bbox 814 4152 981 4217; x_wconf 88' lang='lat' dir='ltr'>sententiis</span> <span class='ocrx_word' id='word_1_216' title='bbox 1012 4154 1052 4217; x_wconf 89' lang='lat' dir='ltr'>ad</span> <span class='ocrx_word' id='word_1_217' title='bbox 1086 4153 1285 4237; x_wconf 86' lang='lat' dir='ltr'>probandum</span> 
     </span>
     <span class='ocr_line' id='line_1_30' title="bbox 167 4272 1286 4360; baseline 0.002 -22"><span class='ocrx_word' id='word_1_218' title='bbox 167 4272 412 4339; x_wconf 85' lang='lat' dir='ltr'>accommodatis</span> <span class='ocrx_word' id='word_1_219' title='bbox 436 4274 483 4338; x_wconf 92' lang='lat' dir='ltr'>uti</span> <span class='ocrx_word' id='word_1_220' title='bbox 508 4273 608 4358; x_wconf 85' lang='lat' dir='ltr'>possit</span> <span class='ocrx_word' id='word_1_221' title='bbox 639 4274 672 4339; x_wconf 93' lang='lat' dir='ltr'>in</span> <span class='ocrx_word' id='word_1_222' title='bbox 696 4275 799 4340; x_wconf 88' lang='lat' dir='ltr'>causis</span> <span class='ocrx_word' id='word_1_223' title='bbox 822 4275 1001 4341; x_wconf 87' lang='lat' dir='ltr'>forensibus</span> <span class='ocrx_word' id='word_1_224' title='bbox 1024 4281 1120 4360; x_wconf 87' lang='lat' dir='ltr'>atque</span> <span class='ocrx_word' id='word_1_225' title='bbox 1144 4299 1286 4341; x_wconf 88' lang='lat' dir='ltr'>commu-</span> 
     </span>
     <span class='ocr_line' id='line_1_31' title="bbox 166 4397 1286 4484; baseline -0.001 -20"><span class='ocrx_word' id='word_1_226' title='bbox 166 4397 293 4476; x_wconf 87' lang='lat' dir='ltr'>nibus,&#39;&#39;</span> <span class='ocrx_word' id='word_1_227' title='bbox 308 4399 431 4462; x_wconf 86' lang='lat' dir='ltr'>tantam</span> <span class='ocrx_word' id='word_1_228' title='bbox 456 4397 633 4464; x_wconf 85' lang='lat' dir='ltr'>doctrinam</span> <span class='ocrx_word' id='word_1_229' title='bbox 657 4399 828 4482; x_wconf 82' lang='lat' dir='ltr'>pertinere,</span> <span class='ocrx_word' id='word_1_230' title='bbox 852 4404 1004 4484; x_wconf 81' lang='lat' dir='ltr'>quantum</span> <span class='ocrx_word' id='word_1_231' title='bbox 1018 4399 1151 4465; x_wconf 84' lang='lat' dir='ltr'>Crassus</span> <span class='ocrx_word' id='word_1_232' title='bbox 1173 4403 1286 4484; x_wconf 91' lang='lat' dir='ltr'>postu·</span> 
     </span>
    </p>
   </div>
   <div class='ocr_carea' id='block_1_5' title="bbox 0 0 1714 5198">
    <p class='ocr_par' dir='ltr' id='par_1_6' title="bbox 0 0 1714 5198">
     <span class='ocr_line' id='line_1_32' title="bbox 0 0 1714 5198; baseline 0 0"><span class='ocrx_word' id='word_1_233' title='bbox 0 0 1714 5198; x_wconf 95' lang='lat' dir='ltr'> </span> 
     </span>
    </p>
   </div>
  </div>
 </body>
</html>
