3404 5198
991 613 1032 684 22

453 827 524 898 dem
547 831 703 916 petitione
726 829 836 896 fratris
859 831 989 913 majoris
1012 827 1157 916 vestigiis
1180 825 1348 905 institisse,
1374 867 1414 874 --
1438 845 1514 890 nam
1539 827 1573 889 et

452 961 604 1042 quaestor
616 962 648 1021 et
664 955 774 1021 aedilis
786 962 819 1021 et
831 958 959 1040 praetor
972 956 1034 1020 fuit
1047 995 1082 1004 -
1102 955 1157 1019 sed
1168 954 1298 1018 minime
1310 953 1453 1017 fraterna
1465 951 1573 1037 gloria

452 1082 624 1146 excitatum
648 1103 715 1145 esse
737 1080 777 1144 ad
800 1081 906 1144 studia
930 1081 1079 1144 oratoria.
1101 1080 1174 1145 Non
1198 1102 1217 1142 a
1240 1078 1341 1144 Musis
1364 1076 1570 1154 abhorrebat,
1680 1061 1681 1144 i

452 1207 507 1271 sed
530 1206 656 1270 colebat
681 1205 928 1269 mansuetiores:
953 1210 1049 1288 poeta
1072 1205 1149 1282 fuit,
1175 1205 1202 1268 si
1225 1206 1309 1269 forte
1331 1226 1397 1268 non
1417 1205 1569 1288 optimus

451 1334 487 1395 at
509 1335 596 1394 uerte
620 1329 758 1414 ingenii,
782 1333 818 1392 ut
842 1330 944 1411 ajunt,
968 1329 1164 1393 feracissimi.
1179 1329 1271 1404 Quid,
1288 1330 1372 1413 quod
1384 1329 1569 1396 incredibile

452 1455 551 1532 dictu,
574 1454 660 1517 intra
672 1451 750 1517 XVI
774 1453 840 1517 dies
864 1492 904 1501 —
930 1454 1021 1518 utin
1045 1453 1182 1538 quadam
1206 1453 1307 1518 Marci
1330 1453 1467 1537 epistola
1486 1455 1569 1541 legi·

452 1600 522 1642 mus
550 1616 588 1626 -
613 1581 752 1661 quatuor
775 1577 903 1660 scripsit
913 1579 1102 1664 tragoedias.
1126 1577 1154 1662 1)
1178 1577 1319 1642 Lucretii
1335 1582 1484 1662 poemata
1496 1579 1570 1643 dili·

451 1705 565 1787 genter
589 1702 766 1780 volutabat,
779 1701 805 1788 ²)
830 1706 956 1767 etcum
981 1702 1020 1766 ad
1051 1702 1195 1767 Marcum
1225 1701 1387 1780 scriberet,
1412 1707 1568 1786 quantum

453 1851 491 1894 ex
514 1829 609 1912 hujus
634 1829 793 1912 responsis
816 1827 967 1911 colligere
990 1826 1077 1904 lieet,
1109 1847 1172 1890 non
1197 1825 1357 1890 orationes
1381 1827 1435 1891 sed
1458 1849 1569 1892 versus

453 1953 514 2018 sibi
538 1954 691 2039 rogabat!
718 1953 812 2038 »Ego
835 1956 868 2016 te
891 1951 1044 2028 libenter,
1069 1956 1106 2014 ut
1124 1973 1237 2038 rogas,
1262 1950 1378 2034 quibus
1401 1952 1497 2017 rebus
1521 1955 1569 2018 ris

454 2077 612 2159 adjuvabo
647 2081 680 2142 et
714 2078 774 2141 tibi
803 2098 928 2153 versus,
955 2097 1035 2160 quos
1070 2097 1164 2160 rogas
1199 2069 1309 2157 γλαῦκ’
1346 2073 1391 2148 εἰς
1425 2070 1570 2164 Ἀθήνας

453 2201 612 2265 mittam.”
627 2202 653 2284 ³)
677 2201 725 2265 De
748 2201 890 2266 historiis
914 2221 1041 2284 quoque
1064 2199 1296 2264 conseribendis
1320 2199 1491 2283 aliquando
1516 2224 1568 2266 co-

454 2324 583 2407 gitavit:
608 2323 834 2389 Callisthenem
859 2325 943 2388 enim
968 2329 1000 2387 et
1029 2323 1204 2388 Philistum
1235 2323 1382 2389 manibus
1410 2326 1568 2390 versabat.

454 2448 504 2512 En
527 2448 604 2532 quid
626 2448 753 2514 Marsus
777 2449 815 2513 de
850 2472 888 2514 eo
911 2448 1044 2513 oonsilio
1078 2447 1229 2511 senserit!
1259 2448 1371 2523 >Quod
1406 2451 1570 2528 adscribis

457 2573 574 2658 inquit,
598 2575 824 2660 aggrederisne
845 2575 884 2639 ad
907 2572 1097 2638 historiam?
1110 2595 1160 2636 me
1173 2575 1301 2636 auctore
1313 2576 1437 2657 potes’'
1451 2577 1477 2661 ⁴)
1500 2575 1570 2639 Fri·

454 2698 529 2782 gida
553 2719 628 2762 sane
652 2698 849 2776 exhortatio,
874 2704 970 2783 atque
995 2697 1162 2762 mediocris
1184 2696 1318 2760 fraterni
1340 2697 1462 2783 ingenii
1487 2700 1569 2764 exis·

453 2821 590 2899 limatio,
615 2861 653 2870 -
679 2823 705 2886 si
730 2825 836 2887 tamen
860 2823 898 2887 de
928 2821 1132 2887 'exhortando
1167 2821 1392 2885 deterrendove
1416 2823 1567 2888 historico

452 2944 534 3009 idem
559 2951 665 3010 censet
688 2947 816 3012 Marcus
838 2971 875 3013 ao
897 2969 954 3030 per
977 2945 1082 3011 Crassi
1105 2966 1273 3028 personam
1285 2944 1324 3008 de
1337 2949 1464 3011 oratore
1475 2947 1564 3012 dicit:

452 3067 508 3133 »si
530 3069 711 3155 intelligam
735 3073 889 3155 possead
913 3093 1052 3134 summos
1076 3069 1254 3154 pervenire,
1276 3091 1340 3133 non
1365 3069 1469 3134 solum
1491 3071 1564 3136 hor·

450 3191 552 3270 tabor,
577 3196 613 3257 ut
636 3193 788 3270 elaboret,
812 3194 866 3257 sed
889 3193 996 3270 etiam,
1019 3194 1046 3256 si
1067 3193 1116 3256 vir
1128 3214 1256 3276 quoque
1272 3193 1374 3256 bonus
1388 3194 1466 3258 mibi
1480 3195 1563 3259 vide·

448 3318 502 3378 tur
526 3337 605 3393 esse,
616 3317 788 3381 obsecrabo
799 3366 805 3380 .
816 3366 823 3380 .
834 3367 858 3380 ..
884 3317 933 3380 sin
953 3316 1122 3393 videbitur,
1139 3338 1210 3380 oum
1225 3317 1332 3380 omnia
1346 3320 1562 3384 summafeoe·

446 3439 500 3515 rit,
526 3444 633 3503 tamen
657 3441 697 3502 ad
721 3441 893 3504 medioeres
918 3444 1062 3504 oratores
1086 3463 1153 3504 esse
1177 3443 1349 3520 venturus,
1376 3445 1561 3527 permittam

445 3561 506 3645 ipsi
530 3561 607 3646 quid
632 3563 726 3637 velit;
750 3564 904 3627 molestus
928 3587 1044 3650 niagno
1069 3586 1163 3647 opere
1188 3587 1250 3628 non
1275 3565 1361 3629 ero.”
1386 3566 1412 3647 ⁵)

488 3684 562 3749 Non
586 3690 635 3749 est
659 3685 880 3764 dubitandum,
904 3688 982 3772 quin
1007 3688 1076 3752 foro
1100 3710 1224 3772 semper
1258 3689 1466 3769 abstinuerit,
1498 3714 1559 3756 uon

474 4096 501 4156 l)
520 4094 562 4146 Ad
581 4093 613 4158 Q.
632 4095 665 4148 fr.
684 4094 729 4149 lll.
749 4099 773 4149 5.

474 4181 500 4249 a)
516 4182 582 4238 uu.
601 4183 634 4239 11.
652 4187 696 4238 rr.

472 4272 499 4332 3)
517 4270 584 4324 lbid.
603 4271 634 4326 ll.
654 4275 697 4326 16.

471 4362 497 4421 4)
516 4358 582 4414 lbid.
601 4360 633 4415 ll.
652 4364 694 4416 13.

470 4450 499 4515 5)
516 4447 556 4504 De
575 4447 619 4510 Or.
638 4449 670 4512 II.
691 4453 735 4508 85.
