3404 5198
977 573 1019 642 62

436 788 575 854 utilitati
598 790 799 875 voluptatire
820 814 888 858 esse
907 789 1023 879 possit:
1048 789 1145 855 hosce
1168 789 1310 856 libenter
1332 789 1372 856 ad
1388 790 1503 872 lucem,
1520 790 1558 857 ad

437 899 614 980 utilitatem
637 914 822 994 bominum,
855 917 896 980 ad
918 915 1156 981 iustitutionem
1179 937 1368 999 puerorum,
1394 917 1434 980 ad
1457 916 1556 981 vitam

437 1038 598 1123 publicam
632 1061 703 1103 curn
738 1037 892 1106 Cicerone
926 1060 1075 1104 revocare
1109 1038 1254 1104 velimus.
1286 1079 1328 1087 —
1363 1038 1558 1104 ›Facessant

438 1163 542 1249 igitur
565 1184 690 1239 omnes,
714 1161 769 1246 qui
794 1163 906 1229 docere
928 1161 1011 1228 nihil
1033 1166 1184 1247 possunt,
1207 1162 1409 1246 quo-melius
1432 1162 1557 1246 sapien-

436 1287 565 1371 tiusque
587 1283 771 1352 vivamus!''

482 1409 544 1475 Sed
567 1409 677 1474 redeat
713 1409 816 1475 oratio
851 1432 888 1475 eo
922 1411 1005 1476 unde
1040 1410 1210 1478 aberravit.
1248 1408 1416 1494 Perpensis
1450 1410 1552 1474 ratio·

437 1536 553 1610 nibus,
586 1533 702 1617 quibus
740 1534 918 1618 sapientiae
952 1535 1111 1619 possessio
1145 1533 1265 1599 oratori
1299 1534 1552 1608 commendetur,

437 1656 725 1724 conformationem
752 1658 856 1722 totius
883 1658 1007 1742 operis,
1035 1658 1061 1722 si
1079 1679 1081 1686 ·
1101 1656 1225 1742 placet,
1259 1657 1421 1741 paulisper
1440 1657 1556 1741 'respi-

437 1785 568 1850 ciamus.
592 1781 640 1846 Eo
664 1781 822 1847 instructu
847 1786 1026 1866 ornatuque
1050 1787 1098 1847 est
1120 1780 1198 1846 baec
1228 1781 1405 1866 disputatio
1428 1781 1556 1845 concin-

438 1912 524 1984 nata,
547 1910 585 1970 ut
608 1927 672 1970 non
684 1905 788 1992 magis
812 1909 962 1971 accurrate
986 1905 1168 1990 explanatio
1192 1927 1288 1989 quam
1304 1905 1435 1990 egregie
1450 1904 1554 1969 suasio

437 2031 499 2096 dici
522 2029 632 2114 possit.
656 2028 741 2093 Nam
765 2029 928 2107 »suadere
950 2029 1113 2113 inquiunt,
1136 2027 1255 2111 aliquid
1290 2031 1347 2091 aut
1374 2027 1554 2092 dissuadere

439 2154 648 2242 gravissimae
671 2156 720 2217 est
748 2152 935 2238 personae.”
959 2152 986 2237 1)
1019 2151 1094 2216 Jam
1128 2151 1194 2214 sive
1230 2150 1465 2216 consideremus
1500 2174 1555 2230 ea,
1681 2193 1682 2218 1

439 2300 522 2365 quae
544 2277 636 2363 quasi
659 2277 692 2342 in
716 2298 810 2342 meua
832 2281 988 2362 aguntur,
1012 2276 1079 2340 sive
1103 2275 1138 2339 in
1161 2274 1303 2359 personis
1325 2274 1453 2340 tabulae
1473 2298 1555 2340 sem-

439 2425 496 2488 per
519 2405 699 2486 spectamus
722 2401 826 2484 ipsum
850 2399 1039 2484 scriptorem
1062 2401 1204 2476 tantum,
1218 2402 1381 2463 auctorem
1401 2399 1555 2465 babemus

438 2525 526 2590 illius
550 2523 727 2598 suitentise
751 2517 952 2608 aptissimum
975 2521 1015 2586 ad
1042 2521 1136 2586 fidem
1169 2521 1355 2588 faciendum.
1393 2523 1555 2590 Habemus

440 2647 619 2714 Antonium
633 2650 666 2710 et
677 2645 827 2712 Crassum
839 2668 981 2712 summos
993 2649 1145 2723 oratores,
1159 2645 1244 2709 viros
1257 2645 1368 2726 bonos,
1380 2647 1432 2712 vel
1447 2648 1554 2731 potius

442 2771 598 2836 babemus
620 2769 725 2854 ipsum
748 2770 1012 2836 »disertissimum
1033 2768 1162 2833 Romuli
1185 2769 1366 2853 nepotem.''
1384 2770 1458 2836 Non
1479 2793 1554 2837 sanc

441 2895 482 2961 ad
505 2894 605 2978 inepti
629 2894 793 2978 cujusdam
816 2893 1030 2972 Phormiouis,
1053 2915 1156 2976 neque
1179 2882 1366 2961 adCoracis
1382 2896 1555 2961 autTisiae
1680 2941 1681 2958 r

441 3038 602 3085 sermones
627 3016 686 3081 tibi
709 3017 922 3084 admovendae
945 3021 1021 3082 sunt
1043 3038 1152 3083 aures:
1187 3020 1342 3086 sentimus
1376 3042 1429 3086 eos
1463 3042 1554 3104 prae-

437 3145 560 3208 stantes
584 3162 651 3206 esse
672 3141 712 3206 iis
736 3143 894 3221 omnibus,
917 3143 1166 3228 quaedocereet
1190 3145 1413 3210 commendare
1430 3144 1553 3212 volunt.

439 3265 594 3332 Doctrina
618 3267 750 3352 egregia
772 3267 849 3351 quid
872 3267 979 3332 valeat
1002 3269 1042 3332 ad
1064 3268 1241 3348 dicendum,
1255 3290 1319 3334 non
1338 3269 1443 3356 magis
1456 3269 1554 3335 ratio-

437 3391 532 3456 nibus
555 3391 705 3475 probant,
727 3413 823 3475 quam
846 3392 931 3456 vitae
955 3392 1107 3475 exemplis
1131 3391 1223 3477 quasi
1246 3391 1346 3456 oculis
1369 3392 1552 3477 subjiciunt.

438 3516 540 3592 Quam
574 3514 738 3599 praeclara
761 3513 941 3580 litterarum
965 3515 1179 3581 humanarum
1201 3518 1385 3604 cognitione
1411 3518 1554 3583 omnium

438 3661 599 3706 sermones
622 3639 800 3705 excellunt!
823 3639 1031 3706 Admiramur
1054 3640 1149 3706 breve
1173 3645 1206 3705 et
1227 3641 1413 3727 intelligens
1436 3647 1470 3707 et
1481 3664 1554 3706 acu·
1679 3699 1680 3718 ,

438 3769 508 3829 tum
532 3763 611 3829 illud
635 3765 673 3829 de
697 3763 892 3830 Graecorum
914 3765 1076 3831 historicis
1106 3769 1139 3831 et
1167 3765 1348 3831 oratoribus
1378 3766 1553 3849 judicium,

438 3891 524 3973 quod
548 3893 616 3956 tum
641 3889 757 3970 Crassi,
780 3895 850 3956 tum
875 3890 1008 3956 Antonii
1031 3911 1106 3955 voce
1128 3890 1299 3975 profertur.
1331 3890 1379 3956 De
1413 3891 1554 3976 philoso-

438 4014 576 4100 phorum
600 4021 708 4082 autem
733 4015 864 4082 familiis
888 4014 1104 4098 doctrinisque
1139 4014 1227 4079 baud
1260 4014 1374 4080 leviter
1406 4013 1553 4080 instructi

436 4250 596 4262 ’.ιιι-...μη

471 4405 821 4482 DQMQHW
