3366 5206
663 572 704 640 81

134 790 254 877 »Cujus
277 790 393 875 inquit,
417 794 487 856 tum
510 788 648 854 Athenis
671 809 743 853 cum
767 787 947 853 Charmada
969 787 1154 874 diligentius
1173 787 1240 876 legi

134 915 276 1008 Gorgiam
296 915 337 1000 ¹),
362 936 426 1000 quo
448 914 482 978 in
504 912 589 978 libro
613 912 674 977 hoo
696 911 833 977 maxime
856 911 1038 978 admirabar
1061 913 1242 993 Platonem,

135 1038 208 1122 quod
232 1037 313 1102 mihi
335 1038 369 1102 in
389 1037 569 1102 oratoribus
592 1035 760 1100 irridendis
783 1035 851 1118 ipse
875 1057 942 1100 esse
966 1041 1077 1102 orator
1099 1060 1242 1102 summus

136 1161 323 1226 ridebatur.'’
356 1201 395 1208 -
423 1160 546 1246 Magna
577 1159 661 1225 enim
690 1158 859 1244 diligentia
882 1159 1033 1225 Crassum
1062 1162 1113 1227 vel
1136 1163 1243 1246 petius

137 1283 310 1349 Ciceronem
322 1284 415 1350 illum
426 1283 545 1349 librum
558 1283 685 1370 legisse,
703 1282 787 1348 nihil
798 1305 878 1367 opus
890 1287 939 1348 est
949 1287 1081 1368 propter
1097 1285 1166 1368 ejus
1178 1289 1243 1350 tes·

137 1407 297 1472 timonium
331 1408 474 1473 credere:
518 1407 715 1492 comparatio
752 1407 918 1492 utriusque
958 1406 1032 1473 libri
1071 1408 1245 1474 clarissime

138 1530 277 1595 ostendit.

174 1654 245 1720 Janr
269 1677 341 1720 cum
365 1655 415 1733 iis,
438 1655 555 1739 quibus
570 1653 680 1720 Cicero
697 1676 807 1718 rursus
822 1652 966 1720 Platonis
978 1654 1096 1720 librum
1108 1676 1245 1721 comme-

141 1782 247 1842 norat:
263 1817 302 1826 -
317 1779 391 1844 »hic
414 1779 606 1868 (Leontinus
623 1777 774 1864 Gorgias)
791 1778 824 1842 in
844 1778 900 1843 illo
917 1779 985 1863 ipso
997 1778 1142 1844 Platonis
1163 1776 1246 1844 libro

140 1900 172 1964 de
206 1902 292 1966 omni
321 1924 370 1980 re,
394 1924 613 1988 quaecumque
646 1904 679 1967 in
713 1903 976 1988 disceptationem
1012 1903 1246 1987 quaestionem-

141 2046 193 2108 que
204 2030 346 2104 vocetur,
359 2049 392 2090 se
404 2027 619 2112 copiosissime
631 2028 789 2116 dicturum
803 2048 871 2092 esse
887 2027 1090 2110 profitetur”,
1113 2027 1248 2112 quisque

142 2150 241 2213 statim
265 2151 408 2215 conferet
428 2150 509 2215 illud
522 2150 683 2216 Platonis:
706 2149 859 2217 »ἐκέλευέ
876 2145 903 2234 γ’
921 2137 1050 2218 οὖννῦν
1067 2145 1104 2238 δ’)
1125 2149 1249 2239 ἐρωτᾶν

143 2266 186 2337 ὅτι
209 2298 257 2348 τις
287 2275 438 2358 βούλοιτο
470 2280 535 2341 τῶν
565 2273 657 2340 ἔνδον
688 2273 811 2353 ὄντων,
840 2275 895 2339 καὶ
922 2267 1006 2361 πρὸς
1034 2269 1155 2340 ἅπαντ’
1184 2271 1249 2364 ἔφη

144 2390 419 2486 ἇποκρινεῖσθαι.”
439 2399 465 2486 2)
488 2398 550 2464 Sed
573 2398 653 2463 haec
675 2398 760 2464 torte
782 2399 918 2476 minora,
940 2396 997 2462 illa
1021 2420 1096 2486 rere
1119 2400 1250 2484 majoris

145 2527 211 2588 sunt
223 2524 382 2608 ponderis.
401 2523 480 2588 Cum
497 2523 669 2609 magnifica
681 2522 738 2586 illa
753 2521 955 2606 eloquentiae
967 2522 1213 2607 praedicatione,
1232 2547 1251 2588 a

145 2666 201 2728 qua
216 2669 346 2712 exorsus
362 2651 411 2712 est
423 2645 565 2725 Crassus,
585 2647 785 2712 conferamus
805 2669 852 2725 ea,
869 2668 951 2730 quae
963 2646 1001 2711 de
1013 2668 1071 2711 sua
1083 2650 1153 2712 arte
1176 2647 1253 2712 dicit

145 2769 283 2856 Gorgias,—
298 2772 364 2856 qui,
387 2772 446 2836 etsi
469 2793 533 2836 nou
557 2772 665 2836 eodem
690 2770 845 2837 orationis
867 2769 998 2835 flumine
1021 2792 1124 2854 neque
1145 2770 1255 2836 eadem

145 2893 306 2959 verborum
331 2896 423 2980 copia
446 2895 648 2979 eloquentiae
670 2895 780 2960 laudes
802 2894 977 2979 praedicat,
996 2933 1036 2942 -
1054 2895 1195 2960 monitus
1208 2898 1256 2960 est

144 3017 222 3082 enim
245 3020 308 3103 jam
331 3041 396 3084 non
420 3020 529 3098 semel,
553 3024 590 3084 ut
613 3019 805 3105 respondeat
826 3013 909 3084 κατὰ
932 3012 1036 3106 βραχὺ
1050 3059 1089 3068 -
1109 3041 1174 3084 non
1195 3018 1255 3084 mi-

145 3163 217 3208 nora
247 3111 358 3209 tamen.
386 3167 463 3209 suae
494 3144 557 3209 arti
588 3144 712 3209 tribuit.
748 3143 900 3208 Affirmat
926 3142 1011 3207 eninr
1040 3165 1130 3207 suam
1154 3147 1256 3207 artem

144 3271 277 3334 tractare
293 3263 334 3334 τὰ
350 3276 485 3352 μέγιστα
503 3273 567 3335 τῶν
582 3263 802 3355 ἀνθρωπείων
821 3267 1033 3354 πραγμάτων,
1046 3253 1257 3354 ὦΣώκρατες,

144 3394 193 3456 καὶ
215 3393 332 3481 ἄριστα
352 3391 389 3480 3),
413 3395 703 3479 interrogatusque,
726 3392 803 3476 quid
827 3415 903 3458 suae
926 3393 989 3457 arti
1012 3391 1257 3457 maximumtri·

144 3515 231 3583 buat:
256 3514 340 3606 ὅπερ
363 3516 459 3596 ἐστίν,
484 3504 708 3605 diacoma,
730 3522 770 3606 τῖ)
792 3511 935 3606 ἀληθείᾳ
957 3523 1110 3602 μέγιστον
1131 3512 1259 3601 ἀγαθὸν

144 3644 194 3707 καὶ
223 3643 327 3710 αἴτιον
354 3637 424 3727 ἅμα
447 3643 508 3727 μὲν
532 3642 724 3730 ἐλευθερίας
747 3635 856 3716 αὖτοῖς
878 3650 945 3715 τοῖς
969 3635 1168 3729 ἀνθρώποις,
1189 3635 1277 3727 ἅμαἸ

145 3766 177 3831 δὲ
197 3772 259 3833 τοῦ
280 3769 388 3835 ἄλλων
410 3767 524 3855 ἅρχεῖν
547 3765 582 3834 ἐν
605 3771 646 3856 τι)
670 3759 771 3832 αὑτοῦ
797 3767 895 3839 πόλει
917 3765 1049 3854 ἑκάστῳ.

186 3891 311 3959 Rursus
336 3896 510 3978 quaerente
534 3892 683 3959 Socrate:
712 3900 756 3961 Τί
775 3877 834 3960 οὖν
857 3884 892 3959 a*
918 3894 1015 3957 τοῦτο
1039 3890 1158 3975 terem
1177 3889 1260 3958 idem

144 4097 302 4111 -σ--ι

176 4229 204 4294 ll
222 4229 265 4284 De
285 4227 330 4283 Or.
348 4227 369 4284 I.
389 4231 431 4284 47.

178 4321 206 4386 t)
223 4320 266 4374 De
286 4318 329 4374 Or.
347 4318 393 4374 lll.
412 4319 474 4374 raa.
493 4319 541 4374 cir.
560 4319 581 4375 1.
599 4319 661 4375 103.
673 4345 707 4357 -·
725 4315 807 4388 Gorg·
824 4314 855 4372 P.
876 4317 927 4373 lli
946 4313 976 4374 C.
995 4343 1030 4354 -·
1047 4313 1088 4372 De
1106 4312 1164 4370 Fiu.
1184 4311 1216 4370 ll.
1236 4313 1260 4369 l.

177 4408 204 4484 3)
223 4408 254 4464 P.
276 4411 325 4464 451
346 4408 379 4464 D.
1157 4495 1173 4566 Q
