3366 5206
929 587 992 660 roe
1013 541 1015 546 ¹

397 795 627 868 describuntur.
651 801 785 872 Duobus
807 806 892 872 enim
917 807 1029 885 modis,
1051 807 1154 894 iisque
1174 807 1351 874 arctissime
1369 805 1455 872 inter
1484 826 1519 870 se

396 925 595 1008 conjunctis,
618 950 638 992 a
661 930 799 994 confusis
834 935 868 996 et
898 932 1042 998 obscuris
1065 933 1258 1022 ‚notionibus
1284 933 1324 997 ad
1353 931 1456 997 claras
1482 933 1517 995 et

396 1047 562 1113 distinctas
574 1050 660 1116 ideas
672 1053 763 1117 docet
773 1057 942 1140 perveniri.
960 1057 1167 1123 »Divisioue'’
1183 1057 1279 1134 euim,
1291 1057 1356 1121 sire
1369 1055 1515 1121 addendo

396 1174 508 1236 notam
529 1175 691 1257 propriam
714 1179 754 1242 ad
779 1181 944 1246 notionem
963 1203 1174 1258 communem,
1190 1181 1430 1267 distinguendas
1444 1201 1519 1246 esse

396 1298 503 1376 partes
526 1295 592 1362 sive
614 1301 733 1383 species
766 1304 892 1381 varias,
921 1327 1003 1389 quae
1037 1304 1198 1370 communi
1227 1304 1354 1390 generis
1384 1303 1517 1368 nomine

397 1419 526 1483 confuse
551 1423 792 1490 continerentur
806 1428 993 1493 —velutin
1016 1429 1161 1494 Phaedro
1185 1429 1226 1492 ab
1250 1428 1384 1493 honesto
1408 1447 1520 1492 amore

398 1541 545 1606 distinxit
579 1569 731 1629 prasum3
767 1551 998 1618 ›collectione’'
1026 1557 1134 1618 autem
1164 1553 1230 1618 sive
1253 1545 1308 1616 ded
1330 1549 1521 1637 συναγωγήν

398 1665 607 1750 adaequatam
627 1692 733 1736 rerum
757 1674 973 1740 definitionem
997 1678 1131 1760 quaerit.
1158 1676 1258 1751 Quam
1276 1675 1445 1750 rationem,
1462 1695 1520 1738 cn·

396 1789 449 1871 jus
479 1790 512 1854 in
537 1791 682 1858 Phaedro
710 1796 881 1863 declaratio
912 1799 1023 1884 paullo
1050 1801 1185 1864 fortasse
1216 1799 1380 1863 obscurior
1410 1798 1521 1862 videa·

398 1913 462 1989 tur,
486 1912 532 1976 ita
555 1913 739 1997 planissime
762 1920 795 1984 in
815 1921 942 2005 Topicis
966 1923 1105 2006 explicat
1127 1923 1271 1987 Tullius:
1295 1921 1522 2004 ›Oumsump·

398 2035 487 2114 seris,
508 2039 566 2115 ait,
589 2061 636 2118 ea,
656 2064 737 2126 quae
760 2044 825 2110 siut
848 2047 878 2110 ei
900 2048 956 2124 rei,
973 2069 1068 2131 quam
1092 2048 1222 2113 definire
1244 2047 1334 2122 velis,
1357 2068 1430 2110 cum
1446 2045 1521 2109 aliis

400 2162 601 2239 communia,
626 2187 725 2248 usque
747 2190 784 2232 eo
807 2172 1020 2254 persequeris,
1048 2172 1123 2235 dum
1150 2171 1315 2256 proprium
1342 2170 1520 2246 efficiatur,

400 2284 485 2364 quod
508 2285 630 2352 nullam
664 2290 698 2354 in
726 2290 823 2356 aliam
846 2315 913 2359 rem
937 2296 1103 2360 transferri
1127 2294 1260 2379 possit.''
1285 2294 1321 2358 ld
1346 2293 1431 2376 quod
1453 2292 1522 2358 cla-

400 2405 525 2472 rissimo
537 2409 654 2477 ibidem
668 2417 813 2500 exemplo
824 2417 984 2484 illustrat:
1011 2419 1177 2484 Hereditas
1193 2417 1300 2502 inquit
1311 2420 1359 2482 est
1370 2419 1520 2502 pecunia:

401 2551 568 2599 commune
591 2537 707 2617 adhuc,
731 2541 834 2606 multa
862 2543 947 2607 enim
978 2565 1097 2629 genera
1119 2544 1282 2627 pecuniae.
1315 2540 1405 2606 Adde
1433 2542 1522 2624 quod

402 2654 563 2737 sequitur:
587 2684 665 2746 quoe
687 2676 782 2728 morte
801 2667 931 2752 alicujus
948 2669 991 2730 od
1005 2669 1181 2754 quempiam
1198 2669 1348 2752 peruenit.
1368 2663 1522 2730 Nondum

402 2780 452 2842 est
473 2779 633 2850 definitio:
658 2786 767 2852 multis
790 2790 875 2854 enim
897 2790 998 2856 modis
1020 2790 1089 2854 eine
1112 2789 1291 2854 hereditate
1308 2789 1411 2855 teneri
1434 2809 1524 2854 mor-

349 2968 351 2974 ,
402 2904 533 2970 tuorum
554 2911 706 2991 pecuniae
729 2917 874 2995 possunt.
898 2913 1007 2978 Unum
1030 2914 1110 2979 adde
1133 2913 1278 2992 verbum,
1295 2918 1384 3002 joras
1410 2915 1479 2998 jam
1502 2934 1524 2978 a

402 3031 631 3096 communitate
653 3034 812 3119 disjuncta
834 3058 884 3101 res
908 3037 1089 3115 videbitur,
1120 3041 1158 3101 ut
1186 3037 1229 3101 sit
1253 3035 1411 3120 explicata
1441 3034 1523 3100 defi·

403 3153 485 3219 nitio
509 3153 608 3221 baec:
650 3159 836 3224 >Hereditas
862 3173 904 3224 eet
927 3164 1068 3245 pecunia,
1100 3183 1178 3248 quae
1200 3174 1296 3226 morte
1326 3162 1455 3248 alicujus
1478 3162 1525 3224 ud

404 3282 577 3364 quempiam
597 3286 736 3365 peruenit
751 3285 856 3370 jure.”

448 3402 477 3467 E
502 3405 619 3488 quibus
640 3407 811 3472 definiendi
833 3409 914 3488 viis,
938 3410 1026 3493 prior
1049 3408 1177 3474 Platoni
1200 3407 1291 3493 quasi
1315 3407 1409 3472 unica
1433 3405 1523 3470 vide-

404 3526 522 3604 batur,
546 3530 673 3612 quaed
700 3534 820 3596 certam
847 3532 1013 3597 scientiam
1043 3531 1282 3615 perveniretur3
1309 3529 1523 3615 posteriorem

405 3655 525 3729 autem,
556 3673 620 3735 qua
643 3674 681 3716 ex
705 3656 959 3721 consideratione
982 3654 1124 3739 plurium
1151 3676 1273 3731 rerum,
1296 3652 1412 3738 quibus
1435 3651 1523 3716 idem

407 3774 666 3857 ›praedicatum'
701 3779 875 3856 tribuitur,
911 3780 1074 3843 notionem
1097 3779 1278 3862 quaerimus
1308 3795 1522 3852 communem,

405 3897 577 3981 aliquando
602 3900 740 3982 quidem,
753 3902 942 3984 magistrum
954 3902 1113 3979 imitatus,
1135 3901 1169 3965 in
1187 3899 1324 3985 dialogis
1341 3899 1522 3981 usurpavit,

405 4045 470 4088 non
488 4026 594 4087 tamen
611 4026 720 4107 aptam
734 4025 825 4089 duxit
838 4025 897 4089 nisi
914 4026 953 4089 ad
965 4025 1133 4108 pariendas
1150 4023 1315 4108 opiniones
1327 4020 1521 4106 probabiles.

405 4145 506 4229 quue
520 4145 602 4222 ideo,
622 4147 706 4230 quod
721 4147 826 4226 robae,
842 4161 922 4232 quas
935 4148 1079 4212 sensibus
1094 4144 1372 4231 apprehendimus,
1386 4143 1523 4208 excitari
1570 4195 1573 4201 .

406 4269 542 4354 putabat
569 4270 755 4336 memoriam
784 4271 948 4349 idearum,
977 4292 1060 4354 quae
1087 4272 1193 4335 essent
1216 4267 1315 4333 menti
1344 4267 1461 4332 insitae
1489 4271 1524 4332 et

296 4445 300 4454 .
406 4397 497 4479 quasi
519 4397 648 4464 innatae
671 4432 715 4443 -
749 4395 786 4462 de
819 4394 896 4480 ipsis
929 4415 1005 4462 vero
1030 4393 1125 4460 rebus
1159 4389 1281 4458 nullam
1308 4395 1429 4458 cerum
1452 4411 1524 4460 esse
