3404 5198
945 588 988 653 14

405 801 592 867 fitebantur.
616 799 730 886 Neque
752 805 861 868 tamen
884 802 1037 888 temporis
1055 801 1274 867 diuturnitate
1296 823 1406 866 eorum
1427 798 1524 865 insti-

405 929 511 991 tutum
529 925 693 1014 senuerat}
715 949 790 991 nam
805 948 923 1012 paucos
940 926 1110 993 admodum
1119 947 1221 991 annas
1233 924 1359 991 dmendi
1375 924 1523 1010 magistri
1596 908 1598 914 ¹

406 1050 527 1115 Romae
550 1050 739 1114 floruerunt.
771 1049 908 1116 Athenis
930 1050 1099 1115 literarum
1121 1049 1227 1137 gloria
1249 1047 1319 1132 jam
1339 1048 1522 1126 decidebat,

406 1197 479 1240 cum
502 1175 602 1240 etiam
625 1179 703 1240 tunc
726 1174 864 1239 Romani
886 1175 1047 1260 agricolae
1071 1178 1163 1240 erant
1186 1177 1219 1239 et
1242 1173 1362 1238 milites
1385 1176 1418 1238 et
1438 1172 1524 1238 nihil

405 1297 501 1365 aliud.
601 1338 603 1345 ,

449 1421 615 1506 Denique,
639 1425 677 1485 ut
698 1424 793 1506 poeta
815 1421 877 1486 ait:
977 1432 980 1440 '

541 1635 662 1702 Punico
686 1634 771 1701 bello
792 1636 930 1700 secundo
953 1634 1046 1700 Musa
1068 1635 1203 1720 pinnata
1225 1635 1328 1722 mado

540 1759 657 1826 Intulit
680 1783 713 1825 se
736 1759 920 1826 bellicosam
943 1759 976 1824 in
1000 1759 1131 1825 Romuli
1154 1763 1284 1847 gentem
1308 1762 1418 1828 teram.
1439 1763 1466 1850 1)

451 1973 512 2039 Sed
536 1995 639 2058 neque
662 1977 739 2038 tune
763 1971 901 2037 orationi
924 1971 1047 2037 solutae
1072 1972 1181 2037 statim
1201 1972 1345 2038 additum
1362 1979 1412 2040 est
1428 1998 1521 2041 suum

405 2099 510 2164 decus.
541 2096 632 2181 Epici
661 2095 775 2161 Graeci
804 2099 837 2160 et
860 2095 1095 2160 comoediarum
1119 2095 1290 2180 scriptores
1318 2098 1522 2185 dignissimos

404 2225 492 2290 nacti
515 2228 592 2290 sunt
615 2223 808 2308 interpretes
830 2226 929 2307 atque
945 2223 1137 2290 imitatores:
1162 2222 1308 2288 doctrina
1324 2227 1431 2289 autem
1449 2246 1522 2290 ora-

393 2349 488 2432 toria
510 2351 543 2412 et
565 2346 769 2433 philosophia
791 2345 937 2431 patribus
960 2346 1109 2412 cinctutis
1132 2351 1228 2432 atque
1247 2346 1390 2413 barbatis
1407 2371 1520 2433 parum

403 2471 536 2557 placuit.
566 2471 665 2535 Lucio
688 2469 856 2536 Postumio
884 2492 947 2535 coe.
977 2470 1076 2557 (anno
1106 2471 1169 2535 173
1204 2494 1232 2535 a.
1257 2469 1309 2558 C.)
1336 2472 1519 2558 philosophi

404 2595 536 2678 Epicuri
555 2598 658 2658 sectae
674 2592 793 2656 addicti
810 2592 914 2656 Roma
935 2591 1020 2676 pulsi
1039 2597 1123 2658 sunt.
1146 2593 1297 2660 Messalla
1314 2600 1346 2661 et
1361 2595 1519 2662 Strabone

404 2720 589 2786 consulibus
613 2721 711 2804 (anno
730 2718 808 2804 157)
831 2740 942 2784 rursus
962 2718 1125 2783 decretum
1142 2725 1191 2785 est
1211 2725 1269 2786 »ut
1287 2720 1471 2807 philosophi
1487 2727 1519 2787 et

403 2843 547 2909 rhetores
570 2842 691 2908 Romae
714 2865 754 2907 ne
776 2842 915 2908 essent'’.
946 2841 1007 2907 Sed
1031 2848 1202 2927 postquam
1231 2843 1462 2926 Athenienses,
1487 2849 1519 2910 et

403 2968 598 3034 Carneadem
630 2971 662 3033 et
697 2967 874 3053 Diogenem
911 2971 944 3033 et
975 2967 1175 3049 Critolaum,
1209 2969 1403 3054 legationem
1429 2971 1518 3036 illam

403 3093 642 3158 celeberrimam
665 3093 706 3158 ad
728 3090 883 3157 Senatum
907 3091 1084 3172 miserunt,
1109 3115 1150 3157 ne
1177 3092 1258 3159 Cato
1285 3094 1413 3176 quidem
1437 3094 1519 3161 Cen-

403 3217 517 3296 sorius,
541 3217 750 3304 gravissimus
773 3215 827 3281 ille
849 3215 1014 3281 Romanae
1037 3217 1218 3282 severitatis
1245 3221 1343 3301 atque
1366 3219 1519 3304 simplici·

337 3413 339 3418 ,
402 3341 480 3407 tatis
502 3342 648 3407 defensor
670 3341 840 3427 prohibere
863 3341 985 3424 potuit,
1013 3341 1183 3425 quominus
1207 3343 1256 3406 sui
1287 3341 1370 3407 cives
1394 3366 1518 3410 summo

404 3445 511 3530 studio
536 3465 659 3530 dicendi
675 3469 778 3531 artem
795 3464 1070 3548 amplecterentur.
1096 3463 1202 3539 Quid?
1221 3467 1306 3549 quod
1324 3490 1518 3554 quamquam

401 3590 539 3654 refertur
552 3588 644 3668 Cato,
656 3591 765 3656 audito
777 3588 949 3670 Carneade,
958 3589 1202 3672 quamprimum
1214 3590 1340 3678 legatos
1353 3593 1518 3659 dimitten-

400 3713 456 3778 dos
469 3713 639 3794 censuisse,
651 3713 826 3798 »quoniam
842 3710 899 3777 illo
911 3711 980 3776 viro
992 3718 1251 3799 argumentante,
1264 3717 1340 3800 quid
1352 3719 1418 3783 veri
1435 3724 1518 3784 esset

400 3837 486 3904 haud
509 3837 604 3903 facile
626 3838 762 3903 discerni
792 3837 941 3922 posset'',
956 3836 984 3924 2)
1011 3836 1094 3902 idem
1124 3841 1232 3905 tamen
1267 3842 1335 3927 ipse
1362 3847 1395 3909 et
1420 3866 1517 3912 senex

400 3963 521 4030 Graece
544 3964 664 4030 discere
687 3963 792 4048 coepit
816 3968 849 4028 et
871 3966 954 4028 teste
981 3960 1178 4038 Quintiliano
1208 3966 1332 4052 primus
1355 3969 1517 4036 Romano-

399 4199 559 4210 nunna—-

433 4340 461 4409 n
479 4339 541 4396 nu.
559 4337 629 4397 eur.
648 4335 681 4394 n.
700 4339 732 4394 n.
749 4341 769 4395 ·1.
789 4335 871 4395 run.
891 4341 935 4395 rr.

433 4428 461 4502 a)
478 4428 547 4484 run.
566 4430 630 4501 mu.
649 4429 681 4485 n.
700 4429 733 4486 n.
752 4432 770 4487 1.
790 4429 840 4487 vn
858 4431 901 4486 31.
