3404 5198
701 573 743 644 55

157 793 210 872 tis,
233 795 271 858 ut
283 814 321 858 ex
344 791 613 876 contemplatione
637 790 897 876 eorum,quaein
910 793 1006 858 variis
1030 793 1200 880 generibus
1223 815 1274 860 co

157 917 305 1005 gnoverit
317 915 518 993 excellentia,
526 915 723 1002 cogitatione
735 916 888 982 informet
899 917 961 982 sibi
973 918 1110 1002 speeiem
1122 919 1273 1003 aliquam,

157 1063 238 1127 quae
252 1040 382 1106 illorum
393 1040 536 1105 omnium
549 1040 778 1123 praestantiam
791 1039 869 1104 adeo
893 1041 1034 1118 excedat,
1058 1046 1095 1105 ut
1117 1043 1150 1107 in
1169 1065 1273 1108 rerum
1302 1119 1307 1128 ,

157 1169 273 1230 natura
294 1164 450 1229 imitando
473 1163 583 1249 effingi
606 1167 703 1246 alque
730 1165 864 1248 exprimi
887 1164 977 1230 nullo
995 1166 1088 1230 modo
1110 1167 1222 1250 possit.

200 1289 276 1355 darn
298 1290 404 1375 fingas
425 1288 485 1352 tibi
500 1287 663 1352 hominem
675 1287 822 1353 acerrimi
833 1287 1053 1372 celerrimique
1064 1290 1195 1375 ingenii,
1209 1313 1275 1356 me-

159 1414 276 1480 moriae
299 1413 516 1487 firmissimae;
539 1413 590 1476 fac
614 1412 749 1476 eundem
772 1433 878 1476 rerum
902 1413 1081 1477 divinarum
1105 1418 1138 1477 et
1157 1413 1273 1479 huma·

159 1560 272 1603 narum
306 1559 553 1621 causarumque,
587 1534 704 1620 quibus
738 1558 794 1601 eae
827 1557 878 1600 res
916 1538 1139 1616 continentur,
1182 1542 1274 1603 tanta

160 1661 292 1727 seientia
315 1660 505 1745 praeditum,
528 1663 650 1743 quanta
672 1657 798 1724 assiduo
822 1659 938 1737 studio,
962 1660 1064 1726 multo
1088 1662 1172 1739 otio,
1206 1685 1272 1726 arn·

160 1785 310 1872 plissimis
341 1784 490 1850 subsidiis
524 1782 701 1866 comparari
733 1782 870 1866 poterit;
906 1783 948 1848 sit
984 1784 1068 1849 idem
1106 1784 1275 1868 prudentia

161 1911 278 1995 pietate
297 1909 435 1993 justitia,
458 1911 491 1973 et
515 1907 648 1991 siquae
672 1907 738 1971 sint
760 1905 842 1971 aliae
873 1905 1011 1971 virtutes
1044 1909 1275 1988 nobilissimae,

162 2038 293 2099 ornatus
327 2037 424 2116 atque
462 2030 634 2098 excellens:
669 2030 744 2095 huic
778 2029 953 2114 sapientiae
982 2030 1110 2097 laudem
1150 2034 1276 2116 sapien·

163 2159 264 2243 tisque
287 2180 404 2223 nornen
427 2179 537 2222 omnes
560 2154 724 2220 verissime
748 2154 931 2218 concedent.
948 2153 1007 2220 eui
1024 2156 1051 2220 si
1064 2157 1161 2221 etiam
1173 2180 1276 2241 neque

162 2283 290 2370 linguae
312 2281 449 2357 solutio,
471 2302 574 2365 neque
598 2279 682 2344 vocis
705 2299 821 2342 canora
843 2279 997 2357 suavita-e,
1020 2303 1124 2366 neque
1136 2283 1277 2365 corporis

162 2411 193 2471 ct
214 2407 278 2472 oris
301 2404 453 2492 dignitas,
466 2426 569 2488 neque
581 2409 638 2469 aut
650 2403 822 2467 lateraaut
842 2401 924 2466 vires
936 2402 1052 2482 desint,
1076 2427 1139 2470 non
1164 2405 1276 2482 deerit,

162 2532 284 2616 opinor,
306 2529 401 2594 ardor
423 2533 455 2594 et
478 2551 568 2593 amor
592 2525 730 2601 dicendi,
756 2529 793 2589 ut
815 2546 895 2609 quos
918 2525 1006 2618 intus
1036 2527 1203 2616 collegerit
1225 2552 1277 2593 sa-

161 2653 299 2740 pientiae
323 2653 490 2717 thesauros
513 2674 567 2717 eos
590 2650 662 2714 aliis
684 2649 904 2732 impertiatur3
935 2671 1153 2737 quaecumque
1184 2652 1276 2717 utilia

161 2781 256 2864 atque
277 2775 434 2842 salutaria
455 2775 632 2840 noveritad
654 2774 735 2838 bene
758 2772 913 2857 beateque
936 2775 1277 2855 vivendum‚omnibus

161 2901 350 2985 persuadere
372 2898 502 2986 gestiet.
525 2898 601 2962 Jam
623 2896 688 2982 qui,
712 2897 758 2960 ita
782 2901 818 2962 ut
841 2898 916 2976 dixi,
940 2897 1119 2964 instructus
1142 2899 1277 2963 seientia

161 3025 353 3111 optimisque
374 3023 515 3088 imbutus
539 3022 699 3101 moribus,
729 3021 827 3088 etiam
851 3019 989 3087 multum
1012 3021 1166 3108 legendo,
1197 3023 1276 3088 sori·

159 3149 271 3227 bendo,
293 3146 426 3212 dicendo
449 3168 518 3211 sese
531 3143 720 3221 exercuerit,
733 3144 759 3208 si
771 3144 939 3209 institutus
951 3146 1013 3210 erit
1024 3148 1214 3232 praeceptis,
1235 3171 1274 3212 ex

160 3271 353 3356 optimorum
375 3273 540 3334 oratorum
554 3290 611 3332 usu
625 3267 800 3332 observatis
822 3271 920 3353 atque
935 3269 1079 3334 collectis
1096 3271 1271 3356 iisdemque

161 3393 343 3479 aptissimis,
368 3393 485 3478 quibus
506 3391 704 3456 audientium
727 3390 827 3455 animi
848 3393 1031 3472 doceantur,
1061 3395 1271 3471 delectentur,

163 3520 358 3592 moveantur,
374 3519 515 3600 quantus
526 3513 581 3579 ille
593 3515 654 3578 erit
665 3518 796 3579 orator?
811 3515 871 3580 llic
882 3522 968 3582 certe
980 3519 1122 3584 omnium
1145 3523 1275 3583 senten·

164 3641 214 3706 tiis
225 3639 388 3723 eloquens,
401 3638 454 3704 hic
466 3661 539 3704 vere
564 3640 721 3723 perfectus
744 3644 854 3704 orator
877 3662 1001 3706 summo
1009 3644 1082 3726 jure
1098 3644 1277 3729 appellabi-

165 3770 224 3842 tur,
234 3768 293 3830 aut
314 3762 422 3828 nullus
445 3785 597 3846 umquam
620 3764 692 3828 erit.
706 3803 749 3812 —-
760 3763 835 3829 Jam
846 3765 897 3830 fac
910 3766 1084 3849 perfectum
1097 3768 1188 3834 illurn
1203 3791 1277 3834 ora-

166 3891 263 3953 torem
287 3886 397 3952 venire
418 3887 453 3952 in
476 3887 596 3952 medios
619 3886 764 3952 homines
791 3889 875 3954 feros
910 3891 1145 3976 barbarosque,
1179 3898 1277 3977 atque

167 4011 204 4074 ab
226 4010 314 4075 omni
337 4009 479 4075 humano
501 4010 590 4076 cultu
613 4010 748 4087 alienos;
771 4011 821 4077 fao
844 4035 916 4078 eum
938 4014 1051 4099 degere
1081 4016 1114 4079 in
1139 4017 1278 4082 civitati·

167 4133 222 4199 bus
245 4135 445 4213 constitutis,
468 4135 518 4200 fac
543 4157 616 4200 eum
639 4135 760 4199 versari
782 4135 815 4198 in
846 4137 934 4202 curia
963 4139 1051 4202 etin
1086 4141 1170 4204 foro:
1207 4142 1278 4226 quis

169 4255 306 4335 dubitet,
330 4259 409 4342 quin
432 4262 500 4323 tam
523 4257 648 4322 validus
671 4261 800 4343 tamque
823 4263 936 4343 potens
970 4262 1038 4344 ejus
1073 4264 1202 4328 futurus
1236 4267 1279 4330 sit

167 4401 278 4458 senno,
301 4385 338 4448 ut
361 4403 426 4446 non
448 4386 566 4446 temere
589 4383 757 4464 sperentur
779 4380 864 4470 laeti
879 4382 926 4447 illi
949 4385 1082 4464 fructus,
1107 4408 1187 4469 quos
1211 4391 1278 4452 tarn
