3404 5198
958 1815 1008 1889 ll.

431 2069 721 2158 QUAERI'PUR
735 2067 867 2154 QUAE
882 2067 955 2141 SIT
968 2067 1179 2140 PROPRIA
1193 2067 1255 2141 ΕΤ
1263 2069 1544 2156 PRAEOIPUA

619 2191 868 2267 DOCTRINA
893 2190 1070 2264 HORUM
1096 2191 1365 2266 LIBRORUM.

478 2670 656 2752 Postquam
675 2666 860 2745 statuimus,
876 2687 958 2749 quae
969 2686 1082 2729 causae
1094 2664 1278 2730 Ciceronem
1294 2663 1545 2732 adscribendum

432 2792 639 2878 impulerint,
662 2797 695 2855 et
718 2812 855 2874 quorum
882 2788 1056 2852 commodis
1079 2788 1217 2852 maxime
1244 2789 1364 2855 servire
1388 2791 1548 2869 voluerit,

432 2940 537 2996 nemo,
561 2917 612 2981 cui
636 2937 719 2998 quae
742 2915 836 2979 modo
859 2912 1023 2996 disputate
1045 2914 1121 2975 suut
1143 2912 1221 2975 sutis
1236 2913 1423 2995 probentur,
1439 2915 1548 2979 mirari

432 3042 564 3127 poterit,
587 3040 747 3104 oratorios
770 3038 866 3104 hosce
888 3035 987 3100 libros
1010 3035 1105 3120 longe
1128 3035 1301 3100 abhorrere
1323 3038 1365 3102 ab
1386 3038 1469 3118 aliis,
1493 3038 1548 3123 qui

432 3172 508 3233 ante
528 3166 610 3231 illud
634 3170 760 3248 tempus
791 3185 862 3227 cum
893 3160 1028 3245 abipso
1056 3159 1208 3224 Cicerone
1231 3165 1299 3225 tum
1323 3162 1364 3226 ab
1386 3161 1459 3227 eliis
1482 3162 1548 3227 Ro·

432 3290 535 3356 manis
558 3290 596 3353 de
616 3287 739 3353 dicendi
759 3290 829 3351 erte
851 3283 963 3366 scripti
986 3286 1087 3347 erent.
1113 3283 1150 3347 ld
1170 3285 1255 3368 quod
1268 3284 1320 3348 vel
1340 3286 1458 3369 raptim
1476 3308 1548 3371 per·
1680 3281 1681 3286 ’

432 3413 574 3479 currenti
591 3412 701 3477 statim
713 3409 889 3494 apparebit.
907 3407 1002 3484 Nam,
1022 3407 1090 3471 sive
1102 3412 1264 3472 auctorem
1283 3410 1323 3472 ed
1339 3409 1548 3488 Herennium,

433 3538 500 3603 sive
523 3537 621 3601 libros
634 3536 673 3600 de
692 3533 880 3599 Inventione
895 3532 1093 3616 inspicimus,
1109 3531 1191 3596 nibil
1203 3533 1295 3596 nobis
1310 3533 1464 3598 exhibent
1488 3535 1548 3600 nisi

436 3660 549 3726 seriem
573 3659 732 3743 quendam
755 3661 1011 3742 praeceptorum,
1035 3655 1151 3740 quibus
1173 3656 1258 3718 veria
1276 3656 1399 3719 dicendi
1420 3679 1548 3742 genere,

434 3784 607 3849 divisiones
630 3805 808 3860 causarum,
832 3781 934 3845 officie
947 3784 1122 3857 oratorum,
1145 3779 1299 3843 orationis
1321 3785 1428 3862 partes
1440 3781 1549 3845 ordine

435 3910 685 3993 pertractantur.
709 3905 846 3991 Singula
867 3908 1037 3989 praecepta
1053 3903 1225 3989 diligenter
1237 3902 1437 3986 explicentur
1452 3908 1548 3988 atquc

431 4031 614 4097 lectissimis
635 4030 840 4095 illustrantur
863 4026 1034 4112 exemplis3
1058 4027 1112 4092 sed
1135 4047 1244 4091 omnes
1267 4026 1318 4090 illi
1340 4026 1424 4105 libri,
1448 4028 1548 4093 subti-

432 4154 568 4220 lioribus
590 4154 780 4238 quibusdam
804 4150 1013 4216 divisionibus
1035 4151 1118 4216 forte
1141 4151 1296 4235 exceptis,
1319 4174 1384 4216 non
1407 4151 1493 4216 inter
1514 4174 1548 4216 se

432 4278 537 4357 mode,
561 4277 736 4342 sedetiam
766 4298 838 4341 cum
861 4297 1049 4362 graecorum
1072 4275 1239 4339 rhetorum
1262 4274 1300 4338 de
1323 4297 1360 4339 en
1384 4298 1419 4340 re
1443 4276 1546 4353 libris,

432 4402 565 4472 mirifice
588 4404 782 4490 congruunt.
812 4398 859 4466 At
882 4421 957 4466 vero
981 4399 1015 4465 in
1039 4400 1334 4487 »disputationem
1356 4399 1487 4492 dialogo
1509 4400 1546 4470 dc
