3366 5206
947 561 989 635 ll

410 778 505 846 modo
538 779 722 846 universam
753 779 992 868 philosophiam
1015 783 1081 848 suis
1107 784 1234 869 scriptis
1257 782 1442 868 complexus
1461 783 1528 860 est,

410 903 465 970 sed
487 904 611 970 dicendi
635 927 762 992 quoque
786 911 888 972 artem
910 907 956 972 ita
968 909 1131 986 tractarit,
1153 912 1324 986 utomnes,
1347 927 1431 992 quae
1452 910 1528 972 aute

410 1029 516 1113 ipsum
538 1031 726 1116 conscriptus
749 1037 825 1097 sunt
848 1035 945 1110 artes,
967 1031 1124 1097 oblivioni
1146 1031 1213 1096 sint
1235 1030 1330 1097 datae
1348 1034 1382 1096 et
1397 1043 1528 1114 prorsru

411 1155 601 1239 deperditae.

453 1277 632 1345 Redeamus
653 1280 755 1367 igitur
777 1283 816 1346 ad
840 1281 937 1346 verba
959 1281 1052 1346 modo
1075 1281 1194 1359 allata,
1218 1280 1334 1365 quibus
1357 1278 1426 1363 ipse
1449 1269 1529 1343 'lul-

409 1401 473 1468 lius
495 1403 680 1468 brevissime
702 1405 832 1484 indicat,
855 1427 1013 1490 quaenam
1036 1406 1119 1471 ratio
1143 1405 1227 1470 inter
1251 1403 1347 1468 hosce
1370 1403 1471 1470 libros
1495 1406 1528 1468 et

411 1525 595 1592 Aristotelis
606 1547 703 1614 opera
714 1528 900 1599 intercedat.
911 1529 1186 1615 »Scripsiiuquit
1203 1525 1391 1594 Aristotelio
1403 1525 1528 1591 more”:

411 1651 445 1717 id
467 1655 527 1731 est,
539 1653 662 1738 opinor,
674 1655 708 1718 iu
724 1655 881 1720 scribendi
898 1656 991 1722 modo
1011 1677 1048 1721 ac
1070 1654 1272 1741 dialogorum
1296 1653 1414 1730 forma,
1437 1651 1532 1717 Aris-

412 1775 545 1842 totelem
569 1778 713 1844 imitatus
736 1785 801 1855 est3
825 1801 889 1845 uon
920 1783 1006 1844 certe
1033 1777 1242 1844 Aristotelem
1265 1775 1360 1840 illum
1384 1794 1530 1860 pressum

412 1903 445 1966 et
467 1900 595 1966 breuem
620 1906 653 1967 et
676 1903 843 1970 obscuram
869 1909 902 1969 et
923 1901 1124 1988 impolitum,
1149 1901 1276 1986 qualem
1303 1922 1362 1965 uos
1395 1921 1469 1965 eum
1492 1915 1533 1966 ex

412 2027 649 2092 commentariis
673 2029 894 2115 cognoscimus
915 2029 991 2106 illis,
1004 2029 1059 2114 qui
1082 2027 1142 2094 soli
1166 2030 1242 2092 sunt
1255 2025 1457 2111 superstites,
1477 2025 1533 2090 sed

414 2150 636 2235 »eloquentem
660 2156 692 2217 et
714 2153 747 2217 in
782 2154 914 2220 dicendo
937 2175 1066 2220 suavem
1094 2157 1127 2218 et
1161 2147 1334 2216 ornatum”
1359 2152 1384 2236 ¹)
1421 2149 1528 2235 qualis

411 2276 492 2351 erat,
516 2271 623 2339 'l'ullio
647 2278 741 2354 teste,
757 2278 791 2342 in
803 2277 938 2364 dialogis
954 2279 1021 2344 sive
1044 2275 1135 2342 libris
1151 2274 1228 2355 illis,
1242 2296 1323 2360 quos
1350 2274 1385 2339 in
1401 2273 1531 2341 Vlibro

414 2395 452 2461 de
487 2395 620 2463 Finibus
651 2401 871 2486 »populariter
904 2404 1039 2488 scriptos
1069 2405 1102 2467 et
1133 2399 1358 2488 ermionae?
1383 2399 1530 2484 appellat

413 2520 534 2587 Cicero.
590 2522 628 2588 Iu
664 2526 780 2610 quibus
813 2526 944 2594 dubium
988 2547 1053 2592 non
1088 2529 1152 2603 est,
1200 2525 1279 2608 quin
1323 2522 1534 2608 potissimum

414 2645 457 2712 sit
474 2639 629 2727 versatus,
653 2670 725 2714 cum
747 2649 847 2714 libros
869 2650 1038 2715 interiores
1060 2652 1094 2715 et
1117 2647 1296 2714 reconditos
1313 2645 1401 2712 illins
1424 2645 1535 2731 philo*

413 2772 516 2856 sophi,
539 2795 620 2858 qnos
636 2774 742 2852 ut,ait
764 2774 798 2838 in
821 2773 959 2858 Topicis,
972 2771 998 2860 ²)
1021 2795 1085 2838 non
1099 2772 1192 2838 modo
1204 2765 1350 2836 rhetores
1361 2770 1417 2836 sed
1428 2770 1529 2836 etiam

414 2896 477 2982 ipsi
500 2896 685 2982 philosophi
708 2903 835 2983 praeter
857 2897 1027 2963 admodum
1051 2918 1171 2982 paucus
1193 2895 1401 2984 ignorabant,
1423 2893 1532 2960 multo

416 3021 521 3087 minus
544 3022 670 3087 videtur
692 3022 848 3110 attigisse.

459 3145 540 3211 Cum
563 3151 670 3214 autem
695 3149 888 3216 diuturnitas
917 3149 1071 3233 temporis
1105 3147 1197 3213 nobis
1221 3148 1329 3215 omnia
1351 3145 1410 3211 illc
1435 3167 1537 3230 opera

414 3271 573 3357 perpolita
599 3278 699 3358 ‘etque
732 3273 873 3358 permota
895 3272 1102 3357 surripuerit,
1125 3270 1311 3337 accuratius
1342 3268 1445 3334 statui
1469 3291 1536 3334 nou

415 3401 543 3482 potest,
573 3401 732 3482 quatenus
771 3397 871 3463 Tullii
902 3417 1062 3462 sermones
1094 3395 1181 3480 stylo
1216 3392 1537 3478 conformationeque

416 3540 475 3586 sua
514 3520 658 3608 dialogos
698 3521 852 3606 principis
887 3519 1175 3605 Peripateticorum
1205 3518 1385 3584 imitentur.
1432 3517 1537 3601 Equi·

417 3645 489 3710 dem
505 3645 622 3722 nescio,
641 3665 705 3728 quo
721 3645 793 3728 jure
814 3643 1020 3729 Schanzius³)
1044 3643 1246 3729 dialogorum
1270 3642 1409 3707 formam
1440 3639 1538 3706 Aris·

345 3829 348 3836 .
417 3769 581 3836 totclicam
596 3769 700 3855 magis
713 3793 809 3855 quam
833 3766 1031 3834 Platonicam
1044 3789 1112 3832 esse
1129 3765 1311 3832 contendat.
1331 3765 1536 3850 Quamquam

418 3896 502 3960 enim
526 3895 687 3960 Ciceronis
710 3895 893 3960 testimonio
917 3897 1053 3972 constat,
1067 3915 1139 3958 cum
1156 3891 1217 3956 hac
1235 3891 1270 3956 in
1295 3911 1329 3956 re
1349 3889 1538 3956 Aristotelis

454 4272 482 4336 l)
502 4269 541 4325 De
560 4268 605 4324 Or.
623 4271 642 4323 l.
662 4271 704 4324 49.

454 4340 481 4409 2)
500 4341 568 4410 Tap.
587 4341 600 4406 ἓ
618 4343 643 4394 3.

455 4412 483 4483 3)
501 4411 564 4468 Ges.
583 4413 609 4468 d.
628 4411 705 4468 Rom.
723 4413 762 4466 lit.
783 4430 809 4481 p.
830 4413 891 4466 232.
