3366 5206
942 545 1006 614 110

411 754 552 821 moribus
585 752 814 821 diversissimas
844 756 1020 822 sententias
1050 759 1203 826 docuisse.
1239 757 1314 827 Ideo
1347 761 1381 828 in
1416 784 1532 830 eorum

408 883 514 945 castra
537 901 570 945 se
594 879 742 958 contulit,
759 880 846 944 -id
870 881 956 964 quod
974 882 1007 945 in
1032 882 1230 949 Academicis
1253 885 1531 968 disputationibus

409 1003 536 1087 saepius
553 1003 713 1090 siguificat
731 1025 863 1088 -quos
886 1005 1040 1088 cumipse
1054 1005 1092 1069 de
1111 1010 1200 1070 certa
1215 1029 1323 1072 rerum
1339 1008 1530 1094 cognitione

408 1125 600 1210 acquirenda
622 1125 751 1192 videbat
772 1125 958 1210 desperare:
989 1128 1195 1196 Academicos
1218 1131 1299 1209 dico,
1320 1132 1376 1215 qui
1398 1133 1532 1219 regulas

409 1249 447 1314 de
470 1269 545 1314 vero
567 1247 711 1332 lalsoque
728 1247 894 1333 Judicandi
916 1251 1216 1334 parvipendebant,
1241 1253 1405 1337 satiusque
1428 1255 1531 1320 duce-

408 1373 486 1438 bant
507 1371 592 1437 inter
614 1370 719 1436 ranas
742 1371 918 1438 sententiar
941 1372 981 1437 iis
1004 1376 1159 1457 tanquam
1180 1376 1405 1442 verisimilibus
1418 1401 1531 1444 assen-

407 1496 476 1574 tiri,
500 1516 583 1579 quae
605 1493 733 1580 vulgari
756 1495 943 1579 prudentiae
967 1497 1072 1582 magis
1093 1498 1318 1580 probarentur.

461 1620 567 1705 Atque
597 1619 673 1684 hinc
711 1618 837 1683 demum
873 1625 1006 1703 apparet
1039 1619 1134 1684 Plato
1168 1624 1201 1684 et
1228 1620 1339 1687 Cicero
1378 1625 1529 1712 quamvis

405 1750 540 1830 uterque
563 1741 774 1826 »sapientiam
786 1740 933 1806 omnem”
957 1742 1097 1825 perfecto
1110 1744 1231 1808 oratori
1245 1745 1405 1812 vindicent
1422 1769 1524 1831 quam

404 1868 503 1954 longo
536 1870 643 1930 tammr
687 1864 859 1930 intervallo
893 1864 978 1929 inter
1016 1888 1050 1930 se
1084 1866 1214 1930 distent.
1262 1867 1407 1933 Platonis
1447 1871 1522 1954 opi·

403 1990 498 2056 nione
521 1987 679 2072 sapientia
712 1991 760 2052 est
783 1987 889 2066 nulla,
921 1989 983 2053 uisi
1008 2012 1104 2073 quam
1127 1991 1295 2056 dialectica
1319 2014 1375 2057 seu
1410 1993 1523 2076 philo-

403 2114 534 2199 sophica
555 2111 776 2196 disquisitione
799 2113 1022 2198 acceperimus,
1047 2112 1137 2180 nulla
1159 2115 1301 2201 cognitio
1313 2116 1453 2200 alicujus
1469 2121 1523 2180 est

403 2238 509 2324 pretii,
531 2235 594 2300 nisi
616 2235 659 2300 sit
681 2236 871 2300 certissima:
896 2257 978 2320 quae
1002 2258 1040 2298 ex
1063 2257 1208 2302 sermone
1233 2237 1369 2303 aliorum
1383 2239 1519 2302 auribus

402 2360 600 2447 percepimus
641 2362 698 2422 aut
728 2357 762 2422 in
793 2356 884 2422 libris
916 2357 1053 2444 legimus
1076 2360 1117 2424 ad
1151 2364 1271 2425 certam
1301 2361 1523 2447 cognitionem

403 2485 574 2571 perducere
596 2503 661 2548 non
683 2486 828 2566 possunt.
853 2481 1016 2567 Sapientia
1039 2504 1113 2546 vero
1136 2482 1214 2561 illa,
1236 2506 1334 2569 quam
1356 2505 1522 2548 commcn-

338 2677 341 2684 Ι
402 2609 458 2673 dat
482 2607 613 2683 Cicero,
641 2605 674 2668 in
705 2604 879 2670 multarum
907 2609 1004 2689 atque
1036 2627 1226 2690 magnarum
1248 2629 1362 2693 ‘rerum
1384 2608 1523 2672 scientia

401 2733 594 2807 continetur,
616 2729 644 2794 si
661 2728 767 2792 minus
787 2733 875 2793 certa
898 2733 933 2793 at
944 2730 1059 2794 saltem
1071 2729 1242 2814 probabili.
1269 2731 1331 2806 Qui
1343 2731 1521 2796 rectissime

401 2856 530 2941 quidem
543 2853 670 2931 statuit,
682 2873 755 2917 curn
768 2852 1025 2917 videretnullum
1048 2853 1213 2940 ingenium
1226 2855 1304 2920 satis
1330 2854 1453 2940 pollere
1476 2856 1520 2919 ad

399 2977 645 3061 comparandam
669 2996 725 3059 per
755 2997 789 3039 se
811 2975 917 3059 ipsum
948 2977 1090 3041 omnium
1114 2998 1221 3042 rerum
1245 2977 1434 3056 scientiam,
1458 2999 1520 3042 nec

400 3100 576 3165 humanum
597 3099 696 3164 vitam
721 3099 761 3163 ad
784 3099 816 3162 id
839 3099 1003 3176 sufficere,
1027 3100 1124 3164 etiarn
1143 3100 1298 3166 audiendo
1322 3101 1518 3184 sapientium

400 3247 577 3302 sermones,
600 3223 763 3306 librosque
787 3222 922 3308 legendo
951 3222 1126 3287 multarum
1157 3246 1262 3289 rerum
1286 3224 1435 3288 notitiam
1460 3245 1517 3288 ac-

396 3350 481 3435 quiri
515 3370 617 3433 posse.
653 3347 755 3423 Quam
786 3347 889 3412 multa
922 3347 1007 3412 enim
1042 3348 1139 3412 etiarn
1174 3369 1213 3410 ex
1248 3347 1409 3413 communi
1444 3347 1517 3430 opi-

398 3475 493 3538 nione
520 3472 661 3556 accipere
684 3471 778 3545 licct;
815 3493 912 3554 quam
943 3491 1007 3534 uon
1030 3492 1104 3534 raro
1140 3470 1237 3534 ctiam
1272 3469 1358 3534 hisce
1382 3469 1443 3534 viis
1474 3471 1517 3535 ad

397 3602 517 3662 certam
548 3595 762 3680 cognitionem
790 3594 956 3659 ducimur!
992 3591 1092 3677 Saepe
1115 3591 1200 3656 enim
1220 3591 1424 3676 perspicuum
1451 3597 1515 3671 est,

396 3724 520 3787 tantam
544 3740 612 3783 esse
634 3718 668 3792 in
698 3717 881 3782 auctoribus
904 3717 1067 3782 doctrinae
1092 3717 1217 3801 copiam
1243 3719 1435 3801 tantumque
1458 3739 1514 3783 ve-

395 3843 501 3909 ritatis
524 3841 675 3920 studium,
692 3844 729 3906 ut
752 3861 861 3906 eorum
884 3841 1103 3907 dictitavere
1126 3841 1269 3906 recedere
1292 3863 1356 3904 non
1372 3841 1514 3924 possint,

394 3965 505 4032 multis
534 3985 660 4049 quoque
689 3962 723 4026 in
758 3963 853 4028 rebus
886 3963 1011 4029 facilius
1035 3968 1083 4029 est
1105 3964 1226 4030 auditis
1249 3964 1387 4030 aliorum
1410 3965 1513 4029 ratio-

394 4089 488 4154 nibus
519 4086 712 4170 dijudicare,
743 4090 852 4152 utrum
877 4091 964 4152 recta
997 4089 1039 4156 sit
1075 4086 1234 4154 conclusio
1265 4110 1384 4166 necne,
1412 4110 1512 4172 quam

394 4229 452 4298 per
475 4231 507 4275 se
530 4210 635 4294 ipsum
658 4208 839 4274 disserendo
862 4209 901 4274 de
923 4209 1034 4276 iisdem
1056 4211 1152 4278 rebus
1163 4211 1337 4296 quidquam
1355 4214 1511 4278 statuere.

378 4335 465 4400 vHoc
486 4333 587 4418 igitur
608 4333 745 4400 Platone
768 4334 945 4420 sapientius
962 4336 1082 4404 oratori
1105 4335 1246 4404 vindicat
1258 4336 1368 4403 eadem
1391 4335 1510 4422 studia,

393 4479 475 4562 quae
499 4457 700 4525 commendat
725 4457 926 4528 Aristoteles.
