3404 5198
698 587 741 653 63

161 806 335 888 apparent;
360 821 397 866 ac
419 801 664 886 prudentissima
687 805 773 866 certe
796 823 833 866 aa
856 806 905 866 est
938 800 1158 886 investigatio,
1194 821 1274 888 quae

160 924 287 991 scholae
310 926 376 992 sint
398 926 500 1013 magis
523 925 644 991 oratori
668 925 867 1009 conjunctae.
889 923 978 990 duris
999 928 1106 990 autem
1125 925 1276 990 scientiae

159 1049 339 1115 sivecivilis
362 1049 428 1114 sive
450 1048 582 1135 publici,
605 1071 701 1133 quam
720 1049 787 1113 sint
808 1049 916 1132 periti,
939 1047 1187 1114 clarissimarum
1198 1072 1276 1115 cau-

158 1196 266 1239 sarum
290 1173 550 1240 commemoratio
584 1174 792 1239 demonstrat.
827 1172 936 1256 Atque
962 1172 1029 1256 ipsc
1063 1172 1119 1238 ille
1153 1195 1275 1253 sermo,
1375 1171 1378 1179 '

157 1322 219 1384 quo
242 1298 404 1364 Antonius
428 1297 602 1364 multarum
625 1318 734 1362 rerum
756 1296 922 1362 scientiam
950 1318 970 1360 a
1000 1296 1134 1362 dicentis
1167 1298 1274 1362 studio

156 1427 316 1501 removet,
340 1444 492 1508 quorsum
516 1420 641 1487 tendit?
664 1420 727 1486 Pro
751 1441 870 1506 magna
898 1418 956 1485 illa
978 1419 1155 1485 eruditione
1178 1425 1275 1507 atque

158 1546 286 1631 copiosa
309 1547 559 1631 doctrina,.qua
582 1546 661 1610 baec
683 1544 786 1610 oratio
809 1542 953 1622 excellit,
978 1540 1182 1609 vehomenter
1215 1567 1273 1612 noa

157 1674 353 1749 commonet,
376 1693 432 1749 ne,
455 1671 482 1735 si
507 1669 634 1755 quando
657 1669 758 1734 bonos
781 1673 924 1734 oratores
953 1667 1186 1748 invenerimus,
1217 1671 1273 1755 qui

157 1816 262 1859 rerum
286 1795 455 1860 scientiam
489 1798 639 1880 artesque
673 1791 822 1858 liberales
850 1797 1053 1858 contemnere
1086 1792 1271 1872 videantur,

155 1919 248 1984 facile
273 1920 436 1985 credamus
459 1942 512 1986 eos
540 1888 634 1985 rudes
664 1942 732 1986 esse
760 1940 869 1984 earum
899 1939 1017 1994 rerum,
1041 1936 1178 1998 quarum
1201 1921 1271 1982 stn-

156 2043 241 2108 dium
266 2046 299 2109 et
321 2043 536 2131 cognitionem
560 2041 769 2109 dissimulent.

199 2166 301 2243 Quale
323 2172 429 2232 autem
454 2170 587 2232 ornatus
600 2177 701 2252 genus
714 2166 816 2251 magis
834 2168 976 2239 attentos
986 2165 1091 2231 reddit
1106 2166 1270 2232 audientes

157 2294 188 2354 et
210 2288 338 2365 dociles,
362 2311 459 2373 quam
482 2288 564 2354 mira
585 2288 645 2354 illa
668 2311 793 2354 morum
815 2288 951 2355 comitas
962 2291 995 2352 et
1010 2289 1126 2354 eximia
1138 2291 1269 2356 urbani·
1304 2353 1305 2356 ,

157 2417 216 2492 tas,
239 2413 357 2498 quibus
379 2412 500 2501 singuli
522 2413 557 2478 in
580 2412 642 2478 hoc
673 2412 905 2478 humanissimo
939 2415 1032 2476 coetu
1066 2412 1270 2500 distinguun-

157 2539 229 2602 tur?
257 2536 410 2602 Gravitas
432 2537 491 2602 illa
525 2541 558 2603 et
593 2537 762 2603 maturitas
795 2537 829 2602 in
861 2536 994 2615 Crasso,
1024 2537 1118 2602 ardor
1149 2538 1268 2605 virilis·
1352 2605 1355 2611 ,

156 2681 215 2744 que
238 2659 390 2725 alacritas
411 2661 445 2726 in
468 2660 631 2740 Antonio,
654 2660 788 2726 scientia
810 2665 918 2726 autem
941 2683 1116 2748 permagna
1127 2663 1161 2728 in
1177 2667 1268 2729 utro·

156 2805 216 2867 que
239 2787 272 2848 et
295 2806 384 2850 amor
406 2783 503 2850 studii
527 2784 577 2850 sni
607 2785 674 2850 sine
707 2784 774 2850 ulla
808 2785 1010 2871 arrogantia,
1046 2788 1200 2853 severitas
1234 2789 1267 2855 in

156 2904 306 2972 Scaevola
323 2907 480 2978 ,comitate
502 2906 647 2985 condita,
671 2906 804 2994 Sulpicii
824 2912 932 2973 autom
955 2911 988 2974 et
1003 2910 1118 2977 Cottae
1128 2913 1266 2979 discendi

156 3029 312 3114 cupiditas
335 3033 368 3095 et
391 3030 505 3096 decora
527 3029 698 3109 modestia3
721 3031 879 3096 festivitas
890 3035 923 3097 et
933 3032 1057 3118 lepores
1072 3036 1105 3100 in
1121 3037 1266 3117 (lassare,

157 3190 197 3200 -
227 3175 326 3238 quam
355 3154 498 3219 suaviter
527 3175 586 3218 nos
616 3154 779 3233 afficiunt,
813 3177 909 3240 quam
943 3163 1079 3225 venusta
1111 3161 1267 3228 varietate

156 3281 256 3344 totam
296 3277 541 3345 collocutionem
583 3280 790 3347 exhilarant?
827 3279 945 3347 Omnes
980 3282 1084 3349 timidi
1119 3285 1272 3370 quodam·

156 3405 247 3469 modo
283 3408 316 3469 et
350 3405 441 3490 quasi
473 3405 568 3472 inviti
601 3407 642 3472 ad
675 3407 828 3473 aridiores
869 3412 977 3492 partes
1020 3409 1270 3496 aggrediuntur:

155 3529 288 3610 τεχνικοί
309 3535 479 3615 praecepta
502 3535 535 3596 et
557 3531 648 3597 tarde
670 3533 859 3617 suscipiunt,
883 3537 915 3598 et
937 3530 1078 3598 flosculis
1101 3539 1272 3612 exornant,

155 3656 186 3716 et
208 3653 372 3718 celerrime
384 3660 584 3738 percurrunt.
597 3655 724 3721 Malunt
735 3657 767 3722 in
781 3657 1016 3722 amoenioribus
1030 3659 1165 3724 versari:
1178 3660 1271 3725 modo

154 3774 186 3840 in
208 3776 313 3842 media
336 3775 483 3857 Graecia,
504 3779 589 3845 inter
607 3779 725 3844 artium
749 3781 910 3847 antistites
922 3803 1166 3861 commoramur,
1177 3785 1271 3848 modo

154 3896 186 3961 in
197 3898 268 3964 foro
292 3899 439 3966 Romano
452 3902 671 3968 celeberrimae
683 3925 794 3970 causas
806 3903 951 3988 publicas
962 3905 1167 3992 privatasque
1178 3908 1271 3992 quasi

155 4042 258 4088 coram
281 4023 337 4110 agi
360 4025 528 4091 cemimus.

196 4145 286 4222 Quod
309 4147 337 4212 si
360 4147 569 4215 haecomnia
593 4172 651 4216 nos
676 4154 844 4238 tantopere
867 4135 1035 4220 oblectant¹
1054 4155 1270 4240 atquedevin-

157 4269 251 4350 ciunt,
265 4293 362 4354 quam
373 4275 468 4358 grata
479 4277 575 4358 putas
587 4274 741 4341 Romanis
754 4299 792 4342 ea
802 4277 909 4357 fuisse,
935 4278 1051 4363 quibus
1067 4280 1269 4364 potissimum

156 4391 260 4461 Cicero
283 4395 464 4465 scribebat?
