3366 5206
958 561 1001 628 92

418 774 623 842 utilissimam
646 797 714 842 esse
736 774 909 843 amicitiam
928 775 1028 856 illius,
1046 775 1138 860 cnjus
1156 773 1283 840 animus
1302 796 1342 840 ex
1361 770 1539 840 honestatis

418 902 572 967 desiderio
594 903 642 967 ita
664 901 866 988 constringat
889 901 1067 986 voluptatis
1090 899 1288 985 cupidinem,
1311 902 1349 963 ut
1370 920 1444 963 enm
1467 897 1538 983 pul·

418 1024 530 1090 ebrum
559 1031 670 1091 cernat
699 1046 833 1110 puerum
872 1048 936 1090 non
966 1025 1147 1110 abripiatur
1175 1025 1209 1089 in
1237 1021 1427 1098 libidinem
1459 1023 1536 1101 sed,

419 1148 488 1213 visa
510 1148 570 1214 hae
593 1148 831 1233 pulchritudine
854 1148 1011 1214 excitetur
1034 1148 1074 1212 ad
1101 1146 1332 1212 recordandum
1345 1125 1483 1231 ¹pulchri
1507 1150 1539 1210 et

419 1271 494 1336 boni
518 1276 550 1337 et
574 1271 640 1337 veri
662 1270 768 1352 illius,
803 1271 887 1356 qnod
910 1277 985 1336 aute
1015 1269 1272 1356 conjunctionem
1304 1292 1375 1336 oum
1406 1292 1539 1355 corpore

419 1396 582 1462 contuitus
593 1396 648 1473 sit,
657 1392 1058 1460 -antomissisfabulosis
1067 1393 1263 1459 ornamentis
1273 1433 1310 1442 —
1324 1398 1362 1460 ut
1373 1399 1541 1460 moveatur

420 1522 461 1587 ad
482 1521 740 1608 investigandam
762 1519 982 1586 excellentiam
1009 1517 1101 1584 Illius
1117 1517 1240 1584 Causae
1263 1522 1297 1583 et
1319 1518 1541 1604 Exemplaris,

420 1647 511 1731 cujus
533 1646 688 1733 imagines
712 1651 745 1710 et
768 1643 858 1730 quasi
885 1643 1015 1708 umbras
1038 1643 1072 1707 in
1097 1642 1240 1728 pulchris
1255 1643 1351 1708 rebus
1367 1643 1540 1708 cernimus.

419 1769 530 1834 Talem
553 1769 637 1834 eninr
661 1774 836 1833 amatorem
860 1765 892 1830 id
916 1769 1043 1830 tantum
1066 1787 1174 1852 agere,
1195 1771 1233 1830 ut
1255 1766 1420 1832 Socratico
1440 1767 1542 1832 disse-
1677 1799 1678 1806 ι

418 1892 508 1957 rendi
531 1898 661 1958 moreat
684 1895 887 1964 διαλεκτικῶς
903 1911 1009 1954 rerum
1027 1890 1178 1955 scientiae
1190 1890 1331 1968 studens,
1343 1913 1430 1969 enm,
1442 1913 1540 1974 quem

419 2020 517 2093 amat,
539 2037 645 2080 seeum
672 2016 712 2080 ad
734 2015 802 2080 veri
827 2013 964 2098 bonique
979 2013 1259 2100 investigationem
1272 2014 1436 2098 perducat.
1460 2015 1541 2080 Per·

419 2161 528 2224 peram
552 2161 630 2226 ergo
653 2161 793 2204 amorem
824 2157 950 2204 omnem
974 2158 994 2200 a
1016 2136 1112 2221 Lysia
1134 2138 1291 2204 damnari.
1320 2138 1539 2214 Quamobrem

420 2261 548 2346 Lysiam
571 2261 771 2341 exhortatur,
797 2267 833 2328 nt
856 2260 978 2326 relictis
1005 2261 1071 2326 suis
1094 2263 1294 2329 sermonibus
1317 2255 1430 2336 ἅπλῶς
1453 2257 1539 2348 πρὸς

415 2384 545 2472 Ἔρωτα
575 2379 659 2469 μετὰ
690 2386 878 2472 φιλοσόφων
912 2387 1014 2471 λόγων
1045 2381 1103 2453 τὸν
1136 2392 1208 2472 βίον
1242 2390 1387 2474 ποιῆται.
1403 2423 1404 2428 1
1419 2424 1460 2434 -
1493 2386 1540 2450 At

418 2507 521 2572 vereri
543 2529 587 2585 se,
611 2507 657 2574 ait
679 2508 858 2588 Phaedrus,
881 2532 921 2575 ne
944 2509 1057 2595 Lysias
1076 2511 1144 2595 jam
1167 2508 1291 2575 nnllam
1314 2508 1540 2604 amplinsora·

416 2630 539 2696 tionem
561 2631 757 2698 conscribere
777 2633 904 2698 arrdeat.
936 2632 996 2700 cui
1018 2632 1185 2701 Socrates:
1219 2656 1285 2725 non
1312 2655 1406 2700 omne
1433 2657 1536 2721 genus

418 2752 572 2820 orationis
594 2754 815 2840 scriptionisve
840 2757 1087 2841 improbandum
1109 2779 1189 2824 csse.

461 2875 573 2944 Placet
606 2877 692 2944 euim
715 2885 904 2970 σκέψασθαι
925 2874 984 2948 τὸν
1006 2882 1102 2964 λόγον
1125 2881 1193 2974 ὅπῃ
1214 2885 1319 2958 καλῶς
1339 2883 1409 2966 ἔχει
1429 2886 1537 2967 λέγειν

417 3002 531 3066 τεκαὶ
554 3001 691 3088 γράφειν
712 2999 767 3070 καιΙ
790 2999 856 3094 bray
880 3005 936 3092 μή.
961 3004 1070 3090 Atque
1092 3006 1232 3090 primum
1251 3007 1407 3072 statuitur
1425 3008 1538 3074 rheto-

418 3124 527 3202 ricam,
551 3147 647 3211 qnam
671 3127 769 3214 vulgo
780 3128 974 3212 profitentur
989 3129 1149 3217 magistri,
1160 3133 1264 3194 artem
1279 3153 1344 3195 nou
1360 3152 1438 3208 esse,
1451 3132 1539 3214 quod

417 3247 587 3315 veritatem
610 3271 719 3316 rerum
741 3273 806 3317 uon
829 3257 973 3336 quaerat.
997 3253 1099 3330 Quam
1122 3253 1179 3338 qui
1190 3252 1330 3340 ignoret,
1349 3254 1538 3321 verisimilia

417 3393 498 3458 quae
521 3372 561 3439 ad
582 3373 835 3459 persuadendum
858 3376 1003 3458 valeant,
1034 3382 1120 3444 recte
1143 3377 1329 3464 dignoscere
1357 3383 1392 3444 et
1421 3380 1539 3446 sectari

417 3517 482 3562 nou
505 3518 617 3581 posse:
642 3498 713 3565 ideo
741 3500 984 3585 vituperandam
1014 3523 1083 3567 esse
1112 3503 1291 3568 orationem
1318 3503 1445 3588 Lysiae,
1468 3505 1538 3588 qni,

417 3619 563 3686 veritatis
587 3622 736 3706 ignarus,
761 3645 825 3689 nou
847 3630 924 3691 ante
950 3625 1119 3704 definierit,
1142 3625 1185 3705 id,
1209 3627 1248 3692 de
1278 3635 1353 3709 quo'
1367 3628 1536 3714 agebatur.

416 3743 567 3829 Explicat
589 3745 685 3826 dein,
711 3747 827 3831 quibus
852 3749 911 3814 viis
934 3753 967 3814 et
991 3750 1170 3815 rationibus
1204 3751 1245 3815 ad
1274 3754 1456 3816 accuratam
1481 3751 1538 3816 de-

416 3867 594 3935 finitionem
614 3870 773 3955 perveniri
795 3873 910 3955 possit:
929 3875 1044 3938 mentis
1060 3874 1124 3940 illis
1147 3873 1435 3939 exercitationibus
1452 3896 1536 3957 quae

416 3997 570 4059 vocentur
592 3997 762 4081 διαιρέσεις
785 4000 818 4062 et
840 4003 1032 4080 συναγωγᾶι.
1053 3997 1156 4062 Hasce
1172 4000 1280 4062 autam
1295 3975 1454 4062 contineri
1466 3997 1537 4062 dia·

415 4115 545 4183 lectica:
569 4140 632 4203 qua
655 4119 853 4185 orationibus
877 4119 1018 4204 Lysiaois
1042 4119 1182 4186 Socratis
1204 4119 1295 4185 illam
1317 4121 1535 4199 antecellere;

415 4240 461 4305 ibi
484 4241 569 4307 euim
598 4241 738 4308 diversas
768 4242 886 4309 amoris
909 4247 1017 4327 partes
1039 4243 1106 4310 sive
1136 4245 1256 4329 species
1277 4249 1364 4310 recte
1396 4245 1537 4312 definiri.

462 4362 543 4429 Cum
566 4365 631 4431 siut
655 4369 763 4431 tamen
788 4366 892 4433 multa
913 4366 987 4447 alia,
1015 4388 1098 4453 quae
1137 4369 1283 4437 rhetores
1322 4392 1381 4438 sua
1409 4367 1537 4437 dicendi
