3366 5206
673 563 714 644 ἦ

138 767 173 828 nt
194 761 324 830 omnino
348 763 526 854 disputaret
548 761 668 828 nullam
693 767 796 828 artem
820 785 886 828 esse
909 762 1064 830 dicendi.''
1082 759 1253 828 Necdissi÷

139 888 228 952 miles
262 890 339 952 suut
371 887 571 965 sententiae,
599 910 678 972 quas
718 887 878 952 Antonius
911 909 1039 972 quoque
1073 909 1140 952 sese
1175 886 1252 951 olim

140 1011 276 1076 Athenis
299 1014 398 1095 atque
421 1033 460 1076 ex
483 1011 583 1096 ipsius
606 1010 804 1080 Charmadas
828 1012 973 1078 doctrina
1006 1015 1186 1095 reportasse
1213 1011 1253 1074 si-

141 1135 286 1221 gnificat:
318 1140 419 1200 artem
442 1158 509 1200 esse
531 1134 667 1214 nullam,
692 1136 775 1200 »nisi
798 1158 880 1220 quae
908 1135 1046 1220 cognitis
1064 1135 1257 1219 penitusque

141 1259 312 1351 perspectis
334 1263 367 1324 et
389 1258 423 1334 in
447 1283 547 1324 unum
569 1260 692 1326 exitum
716 1261 934 1346 spectantibus
957 1264 990 1325 et
1014 1281 1178 1344 nunquam
1194 1259 1255 1324 fal-

140 1381 280 1447 lentibus
302 1384 397 1448 rebus
420 1383 670 1449 contineretur.”
1260 1357 1263 1365 ⁴

184 1507 297 1594 Neque
330 1507 459 1593 longius
493 1508 534 1571 ab
565 1507 625 1572 hac
652 1508 812 1578 sententia
853 1478 984 1574 recessit
1007 1507 1161 1585 Crassus,
1184 1530 1255 1572 cum

143 1631 344 1707 concederet,
371 1653 446 1696 vero
469 1631 607 1718 quodam
631 1653 726 1699 sensu
749 1635 850 1699 artem
875 1632 998 1698 dicendi
1025 1654 1092 1724 esse
1112 1632 1256 1707 nullam3

143 1755 195 1824 sed
229 1729 397 1819 Platonem
425 1754 541 1819 deserit
559 1755 810 1840 Aristotelisque
835 1743 1027 1822 senteutiam
1051 1755 1257 1841 amplectitur

144 1879 175 1943 in
191 1901 238 1960 ee,
263 1879 349 1962 quod
371 1879 486 1944 latiore
510 1879 647 1963 quadam
671 1879 759 1946 verbi
782 1880 1016 1966 significatione
1039 1880 1118 1946 artis
1141 1903 1257 1946 nomeu

142 2003 280 2089 largitur
310 2003 407 2068 etiam
437 2003 478 2068 iis
501 2004 679 2090 praeceptis
712 2025 815 2087 »quae
843 2002 1053 2068 observantur
1080 2004 1114 2067 in
1138 2026 1198 2067 usu
1221 2026 1258 2068 ac

147 2127 336 2193 tractatione
371 2126 511 2204 dicendi,
546 2126 716 2194 dummodo
750 2126 830 2192 haec
860 2126 900 2192 ab
924 2126 1107 2192 homiuibus
1135 2127 1259 2191 callidis

147 2250 272 2330 tuerint,
297 2249 516 2316 animadversa
539 2251 703 2328 adnotata,
725 2251 831 2316 verbis
858 2248 1021 2318 illustrata
1049 2251 1279 2336 partibusque¹
1319 2335 1323 2344 ,

27 2463 28 2470 ¹
148 2375 346 2442 distributn.''

188 2501 319 2577 Restat,
350 2504 386 2564 ut
413 2500 648 2566 cousideremus
672 2521 735 2577 eus,
759 2503 940 2584 quaesunt
969 2500 1055 2583 apud
1085 2503 1259 2585 utrumque

27 2623 28 2626 ’
111 2693 115 2706 ,
148 2624 331 2708 scriptorem
355 2623 618 2708 reprehensiones
638 2622 872 2713 philosophiae.
908 2622 1062 2688 Affirmat
1085 2623 1168 2706 enim
1193 2647 1260 2689 ser-

27 2833 28 2836 *
151 2748 248 2815 monis
263 2747 357 2812 initio
377 2746 526 2812 Callicles
543 2749 741 2834 »φιλοσοφία
754 2748 817 2836 γάρ
840 2754 894 2813 τοί
914 2745 1011 2826 ἐστιν,
1037 2733 1061 2810 ul
1084 2747 1259 2835 Σώκρατες,

148 2878 275 2959 χαρίεν,
301 2869 342 2936 ἄν
368 2894 417 2944 τις
440 2865 542 2936 αὐτοῦ
563 2879 702 2959 μετρίως
725 2867 854 2963 duratur
879 2869 915 2936 ἐν
938 2876 978 2958 τῇ
1002 2863 1119 2958 ἡλικίᾳ·
1145 2865 1203 2938 ἐὰν
1227 2874 1262 2960 δὲ

27 3003 28 3008 ’
150 3001 329 3086 περαιτέρω
344 2999 403 3058 τοῦ
416 2997 543 3068 δέοντος
558 2989 762 3087 ἐνδιατρίψῃ,
776 2989 943 3082 διαφθορὰ
951 2998 1016 3062 τῶν
1027 2989 1216 3083 ἀνθρώπων
1225 2999 1261 3084 ¹).

150 3119 233 3196 Quae
256 3119 354 3184 verba
372 3118 440 3203 jam
463 3118 635 3184 Pideritius
657 3118 826 3202 adscripsit
848 3117 889 3182 ad
911 3139 959 3195 ea,
983 3141 1065 3202 quoe
1089 3120 1261 3199 Antonine,

149 3250 287 3333 rogetus,
323 3266 380 3308 cur
402 3243 624 3328 philosophiae
660 3244 762 3308 »sicut
796 3243 915 3308 Zethus
949 3242 1004 3308 ille
1038 3243 1259 3336 Pacuvianus’'

149 3391 243 3454 prope
267 3368 390 3434 bellum
413 3368 598 3444 indixisset,
621 3368 851 3452 respondet-
875 3366 1041 3445 »Minime
1064 3368 1111 3431 ita
1131 3369 1201 3446 ille,
1225 3391 1262 3433 ae

147 3495 192 3558 sic
212 3491 337 3558 decrevi
359 3491 580 3581 philosophari
603 3492 731 3576 potius,
761 3495 799 3556 ut
826 3490 1056 3575 Neoptolemus
1086 3494 1170 3588 apud
1193 3493 1261 3557 En-

147 3617 252 3682 nium:
277 3617 398 3700 paucis,
421 3637 496 3680 nam
520 3616 659 3680 omnino·
673 3595 758 3680 haud
770 3616 885 3699 placet.
910 3614 971 3680 Sed
994 3619 1101 3681 tamen
1118 3616 1198 3682 haec
1213 3623 1261 3682 est

147 3763 219 3806 mea
251 3740 432 3818 sententia,
462 3761 558 3824 quam
590 3739 719 3804 videbar
750 3738 950 3824 exposuisse:
987 3761 1045 3825 ego
1068 3740 1132 3803 ista
1155 3741 1262 3834 studia

147 3886 210 3929 nou
234 3863 401 3948 improbo,
429 3863 592 3928 moderate
616 3840 709 3926 modo
733 3861 829 3926 sint.”
856 3901 895 3912 -
924 3861 970 3927 At
999 3886 1064 3928 nou
1093 3865 1170 3929 haec
1192 3867 1261 3932 sola

147 3988 259 4067 verba,
291 3987 345 4052 sed
376 3991 478 4052 totam
502 3986 584 4051 hane
608 3986 747 4052 Calliclis
771 3985 1018 4071 disputationem
1043 3988 1185 4054 conferre
1206 3990 1260 4073 ju·

145 4225 306 4238 ⁵*-

179 4400 693 4474 nume-mmuffi
