3404 5198
951 589 993 657 38

413 803 500 870 enim
519 804 675 870 virtutum
692 803 916 889 vitiorumque,
934 803 1010 869 boni
1025 803 1166 888 malique
1183 802 1366 890 cognitione
1392 805 1534 869 instruc·

413 932 468 994 tus
494 951 559 994 non
587 930 650 1006 sit,
673 950 731 992 nec
756 927 921 993 hominum
952 929 1019 1017 ἤθη
1050 935 1084 995 et
1112 929 1211 1016 πάθη
1232 932 1264 993 et
1287 928 1473 1014 dignoscere
1498 933 1533 992 et

414 1057 553 1118 tractare
576 1052 732 1129 didicerit,
756 1059 892 1138 magnus
916 1075 991 1117 sane
1014 1058 1123 1119 orator
1147 1076 1215 1118 esse
1237 1076 1302 1119 non
1322 1057 1440 1137 potest.

459 1178 541 1242 Tum
564 1178 669 1258 ridens
686 1177 850 1242 Scaevola:
876 1177 970 1241 »Non
987 1178 1136 1243 luctabor
1148 1181 1264 1257 tecum,
1278 1179 1394 1264 inquit,
1407 1175 1532 1253 Crasse,

411 1302 583 1386 amplius.''
608 1302 659 1366 Ita
679 1302 747 1384 jam
770 1301 854 1366 inter
877 1323 911 1364 se
935 1301 1128 1366 conveniunt
1146 1303 1250 1380 amici,
1267 1307 1305 1367 ut
1324 1303 1405 1368 alter
1421 1321 1533 1365 omnes

414 1430 499 1491 artes
527 1426 752 1509 doctrinasque
787 1426 931 1509 proprias
959 1449 1027 1491 esse
1061 1428 1200 1491 oratoris
1223 1432 1340 1514 neget,
1369 1425 1453 1489 alter
1477 1447 1533 1488 eas

414 1573 522 1614 omnes
557 1549 692 1614 oratoris
715 1549 848 1613 comites
879 1571 915 1613 ac
946 1550 1109 1614 ministras
1137 1550 1242 1617 faciat.
1279 1550 1392 1634 Neque
1424 1547 1534 1613 omnia

414 1680 521 1739 tamen
545 1673 696 1738 Scaevola
708 1674 867 1748 concedit;
880 1673 1006 1739 dubitat
1026 1675 1121 1752 euim,
1138 1697 1179 1739 an
1195 1697 1257 1739 non
1280 1674 1351 1759 plus
1371 1673 1534 1736 tributum

414 1801 457 1864 sit
479 1799 620 1884 perfecto
645 1798 775 1876 oratori,
799 1821 896 1883 quarn
921 1821 971 1862 res
983 1802 1016 1862 et
1032 1799 1149 1863 veritas
1165 1800 1332 1864 concedat:
1357 1797 1423 1880 Ipsi
1445 1797 1532 1861 euim

413 1923 527 1988 Crasso
557 1922 636 1986 nihil
663 1921 793 1996 deesse,
824 1923 909 2005 quod
939 1921 972 1984 in
996 1922 1176 1986 forensibus
1202 1921 1297 1985 rebus
1320 1921 1534 2004 civilibusque

413 2050 568 2125 versetur,
592 2069 694 2131 neque
718 2069 786 2110 eam
801 2049 909 2108 tamen
922 2045 1099 2122 scientiam,
1117 2067 1213 2129 quam
1232 2046 1387 2130 adjungat
1399 2044 1532 2120 oratori,

413 2171 595 2255 amplexum
618 2192 696 2235 esse.
720 2170 852 2234 Fatetur
872 2191 962 2233 snam
984 2168 1200 2254 ignorantiam
1224 2170 1367 2247 Crassus,
1388 2167 1533 2251 illudque

414 2294 594 2359 meminisse
624 2294 727 2378 jubet,
764 2317 797 2358 se
821 2316 885 2358 non
908 2293 946 2357 de
969 2316 1028 2358 sua
1059 2294 1113 2358 sed
1141 2294 1179 2358 de
1196 2294 1346 2358 voratoris
1374 2290 1532 2357 facultate

413 2418 551 2494 dixisse;
575 2422 685 2502 atque:
712 2418 814 2494 »Quid
838 2439 956 2490 censes,
973 2416 1090 2501 inquit,
1114 2416 1141 2480 si
1161 2416 1201 2480 ad
1218 2416 1354 2500 alicujus
1365 2415 1532 2500 ingenium

414 2542 466 2608 vel
488 2543 603 2626 majus,
625 2541 683 2606 illa
707 2564 789 2625 quae
812 2564 873 2628 ego
897 2563 960 2604 non
984 2540 1081 2626 attigi
1104 2540 1313 2618 accesserint,
1337 2539 1465 2624 qualem
1490 2538 1534 2602 il-

411 2667 480 2733 lum
503 2670 535 2731 et
559 2670 715 2751 quantum
739 2671 899 2731 oratorem
922 2665 1098 2730 futurum.”

458 2790 541 2867 Quid
564 2794 671 2855 autem
694 2789 865 2866 Antonius,
889 2790 977 2873 cujus
997 2790 1066 2873 jam
1088 2787 1234 2871 sequitur
1257 2787 1388 2852 oratio?
1411 2788 1535 2854 Narrat

414 2915 491 2992 ille,
515 2936 596 2999 quae
620 2913 695 2977 olim
721 2912 859 2977 Athenis
881 2911 1027 2977 homines
1049 2910 1270 2988 doctissimos,
1294 2911 1534 2992 Mnesarchum,

414 3036 638 3114 Charmadam,
662 3037 881 3101 Menedemum
893 3037 978 3101 inter
993 3059 1026 3100 se
1039 3036 1238 3121 disputantes
1250 3036 1408 3102 audiverit
1427 3038 1465 3101 de
1484 3037 1536 3101 of-

385 3240 389 3246 ,
414 3161 487 3226 ficio
509 3164 541 3225 et
565 3160 689 3224 ratione
709 3159 854 3226 oratoris.
868 3159 1051 3224 Orationem
1069 3159 1250 3224 Mnesarchi
1270 3158 1377 3240 Stoici,
1398 3162 1452 3246 qui
1466 3161 1535 3226 elo-

414 3284 579 3370 quentiam
604 3285 756 3349 virtutem
786 3284 927 3368 aliquam
957 3285 1075 3348 diceret
1099 3285 1293 3368 eandemque
1325 3286 1536 3369 sapientiam,

414 3409 574 3494 spinosam
586 3407 647 3471 sibi
659 3411 691 3472 et
703 3407 817 3472 exilem
828 3408 988 3493 longeque
1000 3407 1245 3472 altomauorum
1257 3409 1401 3473 sensibus
1414 3410 1534 3474 abhor-

415 3554 484 3596 rere
507 3531 608 3596 visam
633 3553 710 3596 esse.
734 3532 840 3618 Magis
855 3530 1012 3616 placuisse
1024 3530 1217 3614 opinionem,
1230 3555 1326 3616 quam
1339 3537 1449 3598 contra
1461 3533 1532 3598 Me·

414 3656 582 3720 nedemum
613 3655 774 3719 rhetorem
806 3654 988 3719 defenderet
1012 3653 1205 3720 Charmadas
1227 3656 1448 3722 Academicus:
1473 3680 1532 3722 ne·

414 3780 531 3844 minem
545 3802 637 3863 posse
648 3780 835 3844 facultatem
849 3779 974 3863 assequi
988 3778 1121 3855 dicendi,
1131 3780 1255 3864 nisiqui
1266 3780 1531 3865 philosophorum

413 3903 544 3968 inventa
570 3903 745 3978 didicisset,
774 3904 897 3968 nullam
920 3907 1029 3967 tamen
1052 3925 1118 3968 esse
1141 3908 1244 3968 artem
1267 3905 1400 3970 dicendi.
1427 3905 1532 3980 Quam

414 4027 605 4092 senteutiam
618 4028 721 4091 trihus
733 4048 805 4091 eum
818 4026 996 4091 rationibus
1010 4027 1212 4092 confirmasse
1225 4049 1232 4091 :
1251 4051 1326 4106 una,
1342 4029 1428 4112 quod
1441 4028 1533 4093 nulla

414 4155 496 4215 esset
509 4173 561 4215 ars
573 4173 806 4224 earumrernm,
819 4151 1118 4233 quasnaturaduce,
1127 4152 1364 4228 consuetudine,
1375 4152 1531 4236 exercita-

414 4275 500 4339 tione
520 4274 611 4339 faeile
624 4274 829 4338 addiscimus:
849 4275 962 4351 altera,
975 4275 1059 4357 quod
1073 4297 1165 4339 nemo
1182 4296 1303 4352 corum,
1320 4275 1374 4360 qui
1387 4298 1420 4340 se
1433 4276 1531 4360 hujus

414 4397 492 4462 artis
516 4398 687 4482 scriptores
709 4398 948 4481 profiterentur,
968 4396 1018 4460 vel
1035 4398 1236 4464 mediocriter
1253 4399 1389 4465 disertus
1405 4399 1528 4466 fnisset.
