3366 5206
920 579 983 654 108

389 787 482 862 usum
504 794 610 882 potior
633 799 703 864 erat
725 799 758 863 et
780 797 891 863 ordine
913 801 1049 865 naturae
1073 803 1157 866 certe
1181 797 1279 882 prior,
1303 800 1406 862 totam
1429 794 1511 862 reli-

389 920 561 1004 querunt.’¹
577 920 601 1005 ¹)
622 920 684 986 Sed
705 922 738 985 in
763 921 929 987 dialectica
953 923 1131 1006 spinosiora
1151 924 1258 989 omnic
1285 922 1512 988 sectabantur:

390 1041 508 1108 relictis
528 1044 716 1122 rationibus,
739 1067 820 1128 quae
838 1044 1026 1129 simpliciter
1036 1047 1198 1124 dicuntur,
1214 1068 1294 1131 quos
1309 1068 1427 1131 magna
1438 1049 1512 1110 erte

390 1171 582 1250 exposuerat
602 1167 804 1244 Aristoteles,
816 1169 889 1234 illas
901 1170 1017 1254 potius,
1030 1192 1112 1254 quae
1136 1170 1305 1254 conjuncte
1323 1169 1515 1244 efferuntur,

391 1289 596 1356 vehementer
617 1291 651 1356 in
674 1291 796 1356 deliciis
819 1292 992 1357 habebant.
1016 1293 1124 1378 Atque
1146 1292 1208 1358 hoc
1231 1291 1434 1377 reprehendit
1458 1289 1516 1356 Ci-

392 1435 479 1480 cero:
505 1414 576 1479 »Au
600 1421 790 1493 extremum,
817 1416 934 1499 inquit,
953 1416 1016 1499 ipsi
1039 1438 1072 1480 se
1096 1419 1317 1502 compungunt
1347 1416 1413 1479 suis
1435 1437 1516 1481 acn-

391 1538 530 1603 minibus
553 1543 587 1603 et
610 1538 712 1604 multa
739 1540 919 1623 quaerendo
943 1541 1108 1625 reperiunt
1131 1562 1195 1605 non
1225 1539 1318 1605 modo
1347 1561 1406 1630 ee,
1429 1560 1516 1624 quae

388 1663 457 1746 jam
489 1684 554 1727 non
588 1663 711 1746 possint
745 1662 807 1747 ipsi
840 1662 1035 1741 dissolvere,
1070 1664 1123 1728 sed
1158 1665 1255 1728 etiam
1288 1663 1405 1748 quibus
1435 1659 1516 1728 erite

397 1790 508 1852 exorta
543 1790 576 1850 et
598 1788 704 1870 potius
727 1788 856 1852 detexta
879 1808 978 1871 prope
1001 1787 1217 1852 retenentur.‘'
1231 1791 1257 1870 ²)

436 1907 647 1974 statuendum
671 1910 791 1997 igitur,
816 1911 842 1975 si
873 1911 949 1993 quid
979 1911 1080 1987 video,
1108 1909 1307 1987 Ciceronem,
1332 1909 1389 1973 ubi
1412 1909 1516 1974 disse-

393 2033 482 2099 rendi
500 2032 714 2098 subtilitatem
727 2033 885 2121 largiatur
897 2035 1032 2100 inertiae
1045 2039 1189 2113 nostrae,
1206 2033 1387 2098 Stoicorum
1403 2032 1516 2116 spinas

391 2158 592 2241 potissimum
626 2163 785 2241 spectasse
827 2158 981 2243 illamque
1024 2158 1198 2222 disserendi
1239 2156 1319 2221 artis
1360 2161 1513 2240 partem,

392 2302 495 2364 quae,
525 2303 598 2345 cunr
628 2282 793 2366 judicandi
823 2282 891 2347 vias
929 2286 1164 2366 persequatur,
1187 2279 1372 2366 διαλεκτική
1403 2279 1516 2364 appel-

392 2404 494 2479 letur3
533 2403 586 2469 ubi
618 2427 693 2470 vero
724 2406 791 2470 sive
819 2407 853 2471 in
876 2405 1088 2482 Tusculanis,
1111 2406 1178 2471 sive
1207 2406 1240 2470 in
1264 2404 1347 2469 libro
1379 2405 1434 2487 qui
1462 2405 1517 2468 in-

392 2528 543 2594 scribitur
567 2528 726 2594 ›Orator'’
750 2569 788 2578 -
820 2534 853 2596 et
883 2531 910 2596 si
945 2531 1000 2614 qui
1028 2537 1104 2594 sunt
1138 2529 1194 2594 alii
1229 2528 1291 2593 loci
1326 2528 1455 2593 similes*
1473 2563 1515 2574 —

393 2653 565 2718 disserendi
595 2656 700 2718 artem
731 2654 859 2733 laudat,
884 2655 974 2720 illam
1001 2654 1232 2730 commendere,
1265 2675 1362 2738 quem
1390 2657 1444 2718 »et
1473 2653 1517 2718 od

391 2798 484 2842 usum
505 2776 663 2861 potiorem
687 2781 720 2842 et
747 2778 857 2844 ordine
880 2784 1014 2844 naturae
1038 2782 1123 2843 certe
1157 2776 1319 2861 priorem’'
1344 2775 1508 2854 aestimat,

391 2896 530 2988 τοπικήν
554 2922 610 2966 seu
632 2902 815 2966 inveniendi
838 2901 1052 2985 disciplinam.

437 3023 569 3091 Certum
591 3029 640 3090 est
663 3025 748 3090 enim
771 3025 854 3090 hano
877 3024 1140 3092 inveniendorum
1169 3025 1433 3109 argumentorum
1447 3021 1518 3086 dis·

393 3146 543 3232 ciplinem
567 3147 609 3211 ab
631 3147 808 3213 Aristotele
830 3148 996 3213 inventam
1014 3187 1051 3196 -
1065 3166 1129 3212 uon
1143 3169 1207 3212 uno
1231 3145 1374 3211 alterove
1394 3145 1517 3211 aetatis

393 3295 488 3352 anno,
512 3273 566 3338 sed
593 3294 766 3356 peremne
790 3274 875 3338 vitae
899 3279 1025 3357 tempus
1049 3271 1195 3337 Ciceroni
1217 3290 1414 3356 magnopere
1441 3267 1519 3352 pla·
1638 3309 1642 3318 ·

393 3397 506 3463 cuisse.
536 3397 611 3463 Jam
636 3398 671 3462 in
697 3397 789 3462 libris
814 3398 874 3461 »de
897 3396 1107 3462 Inventione’'
1142 3394 1281 3460 multum
1303 3393 1341 3457 de
1364 3391 1422 3456 illa
1448 3391 1518 3456 dis-

393 3523 509 3605 putet;
533 3519 567 3584 in
591 3520 825 3586 Partitionibus
847 3519 1005 3586 Oratoriis
1029 3518 1118 3583 etin
1142 3517 1193 3584 his
1216 3517 1294 3599 ipsis
1316 3516 1355 3581 de
1379 3515 1519 3582 Oratore

392 3642 485 3710 libris
508 3647 609 3708 totam
633 3642 723 3708 illem
748 3643 928 3708 doctrinam
945 3645 1096 3707 accurate
1106 3640 1348 3726 complectitur3
1365 3641 1399 3705 in
1413 3639 1521 3706 »Ora-

393 3766 482 3832 tore”
517 3766 763 3849 prudentissime
799 3767 836 3829 de
868 3766 1012 3830 locorum
1047 3788 1107 3829 usu
1138 3766 1282 3831 disserit:
1318 3764 1454 3847 denique
1482 3763 1520 3828 111

357 3941 361 3950 ,
394 3887 522 3971 Topicis
541 3888 607 3950 suis
630 3886 670 3951 ad
694 3886 880 3951 Trebatium
893 3887 1179 3972 eccellegit‚quae
1202 3888 1235 3952 in
1260 3887 1324 3953 Vll
1336 3887 1523 3971 topicorum

394 4009 484 4076 libris
515 4008 690 4097 Stagiritae
720 4010 840 4075 oratori
864 4009 981 4075 forensi
1013 4009 1116 4095 magis
1150 4011 1299 4094 prodesse
1323 4010 1523 4077 viderentur.

451 4401 478 4471 1)
499 4401 565 4471 Top.
586 4400 601 4472 ἓ
621 4403 646 4468 6,
660 4428 692 4437 -
712 4401 740 4466 2)
759 4398 799 4454 De
816 4396 861 4453 Or.
880 4397 984 4454 11158.
