3366 5206
926 924 988 995 Ν.

449 1183 498 1250 De
521 1182 575 1247 0r.
599 1177 660 1245 ΙΙΙ.
684 1183 703 1264 5
727 1177 791 1244 200
814 1195 861 1260 sq.
885 1171 1025 1259 Rejeetis
1048 1169 1237 1241 Friedriehii
1253 1179 1286 1240 et
1298 1171 1438 1261 Stanglii
1450 1193 1525 1240 sen·

406 1308 517 1374 tentiis
540 1306 635 1371 lectio
659 1303 779 1368 Orellio
801 1301 938 1385 probata
960 1301 1021 1364 hoo
1043 1299 1113 1364 loeo
1136 1297 1303 1364 retinenda
1326 1301 1384 1364 est.

939 1581 980 1650 V.

447 1837 528 1904 Hor.
551 1835 617 1902 Sat.
642 1836 668 1916 1,
693 1837 713 1899 3
737 1857 788 1900 vr.
809 1834 851 1898 25
875 1855 923 1916 sq.
950 1869 989 1880 -
1013 1832 1060 1897 sie
1078 1831 1205 1919 legendi
1222 1839 1298 1900 sunt
1324 1835 1410 1920 (eum
1429 1834 1524 1901 libris

403 1959 629 2045 quibusdam):

536 2083 617 2147 Cum
641 2087 698 2146 tna
717 2081 903 2170 praevideas
926 2079 1027 2145 oeulis
1050 2081 1130 2144 mole
1152 2080 1259 2165 lippus
1280 2082 1433 2160 inunctis,

539 2206 603 2271 Cur
626 2207 660 2270 in
685 2207 859 2270 amicorum
884 2201 971 2268 vitiis
993 2206 1060 2267 tam
1082 2205 1185 2268 cernis
1207 2207 1347 2273 neutum.

448 2331 537 2396 Haeo
565 2331 649 2395 enim
680 2329 848 2394 verborum
880 2327 945 2391 vis:
980 2325 1061 2390 Cum
1091 2348 1156 2391 non
1180 2327 1295 2394 melius
1325 2351 1436 2394 cernas
1466 2334 1527 2395 tua

404 2456 494 2534 vitia,
519 2476 614 2538 quam
639 2453 785 2538 neglecta
808 2451 972 2528 oculorum
994 2451 1181 2518 inunctione
1203 2452 1322 2538 lippus,
1345 2475 1402 2519 eur
1423 2458 1484 2530 ete.

933 2733 991 2801 VI.

449 2985 525 3056 VII.
549 2987 650 3056 Tacit.
674 2985 759 3052 Ann.
782 2983 856 3050 XII.
880 2984 915 3054 C.
940 2985 995 3050 63:

613 3117 804 3197 quaererent
826 3110 932 3176 sedem
955 3131 1120 3176 caecorum
1143 3107 1236 3175 terris
1263 3111 1437 3175 adversam.
1473 3107 1528 3176 Ea

538 3236 674 3321 ambage
697 3235 900 3300 Chalcedonii
919 3235 1195 3313 monstrabantur,
1207 3233 1293 3319 quod
1308 3235 1429 3319 priores
1445 3234 1528 3301 illue

539 3358 662 3423 advecti
680 3361 824 3443 praee-iao
847 3358 989 3424 locorum
1013 3359 1154 3425 utilitate
1176 3359 1287 3443 pejora
1308 3358 1472 3444 legissent.

451 3481 544 3547 Nihil
566 3486 749 3566 corruptum
774 3488 830 3549 est.

924 3761 999 3829 VII.

450 4007 501 4079 Ex
523 4012 750 4081 commentario
773 4010 898 4099 lapideo
922 4013 1024 4099 nu'p'er
1047 4010 1168 4082 Rornae
1196 4011 1309 4081 effosso
1329 4012 1402 4100 jure
1430 4010 1529 4081 eolli-

406 4138 495 4224 gitur
518 4139 613 4217 deos,
647 4139 702 4223 qui
725 4139 759 4202 in
782 4137 910 4203 Horatii
935 4135 1082 4206 Oarniine
1113 4140 1254 4206 Seculari
1280 4141 1473 4204 invocantur
1506 4165 1529 4206 a

405 4284 498 4327 versu
518 4263 659 4342 37-52,
684 4285 750 4328 esse
773 4262 985 4347 Capitolinos3
1008 4264 1142 4349 ideoque
1154 4270 1227 4352 post
1247 4265 1434 4332 versum''36
1447 4285 1529 4330 oar-

405 4407 478 4452 men
502 4385 704 4454 incidendum
726 4408 803 4454 esse.
