3366 5206
954 585 997 652 80

417 823 481 867 non
506 799 600 867 modo
624 799 742 886 singuli
759 822 817 864 nec
840 800 937 864 semel
960 801 993 864 in
1017 801 1055 866 de
1077 801 1213 868 Oratore
1236 793 1385 890 expresso
1409 793 1543 871 nornine

418 929 600 1002 laudentur,
622 926 676 990 sed
701 925 868 988 videantur
892 923 994 989 multo
1018 925 1155 1009 majores
1177 927 1209 991 in
1230 928 1462 1012 compositione
1482 929 1544 994 ho-

422 1079 493 1122 rum
515 1072 695 1118 sermonum
720 1051 828 1132 partes
851 1046 1010 1127 hahuisse,
1033 1072 1130 1134 quam
1154 1049 1254 1138 vulgo
1278 1050 1428 1116 creditur.

464 1177 659 1262 Incipiamus
677 1173 745 1256 jam
769 1194 788 1234 a
810 1171 951 1256 Gorgia:
985 1172 1077 1256 cujus
1100 1177 1327 1258 argumentum
1350 1174 1468 1239 intima
1494 1179 1543 1240 est

420 1326 492 1370 cum
515 1298 676 1367 Ciceronis
699 1315 794 1380 opere
816 1294 1007 1381 cognatione
1025 1296 1245 1379 conjunctum.
1269 1295 1353 1361 Nam
1369 1299 1543 1363 utstatim

420 1426 638 1500 recordemur,
672 1442 754 1504 qnae
788 1419 832 1483 sit
858 1417 1025 1502 quaestio,
1048 1440 1131 1503 quae
1158 1418 1219 1484 hoc
1253 1441 1399 1484 sermone
1435 1421 1544 1508 agite-

421 1557 485 1629 tur,
508 1547 686 1622 audiamus,
709 1543 736 1607 si
756 1541 871 1625 placet,
897 1540 1059 1608 hominem
1083 1543 1121 1608 de
1144 1542 1320 1608 Platonicis
1342 1543 1459 1608 studiis
1485 1567 1544 1629 op-

422 1676 499 1740 time
523 1670 681 1738 meritum.
717 1663 846 1739 ›Vix”,
881 1663 987 1749 inquit
1014 1661 1201 1744 Bouitziua,
1236 1667 1397 1732 »dubitari
1420 1672 1544 1751 potest,

422 1798 500 1882 quin
524 1793 692 1860 eonsilium
715 1793 748 1854 et
770 1791 867 1872 caput
888 1787 988 1852 totius
1007 1787 1126 1875 dialogi
1141 1789 1339 1875 exprimatur
1351 1790 1408 1855 illa
1424 1809 1545 1874 quaes·-

422 1921 531 1995 tione,
554 1917 593 1981 de
616 1935 681 1998 qua
714 1933 787 1977 cum
820 1910 950 1977 Callicle
984 1911 1140 1996 disceptat
1163 1912 1326 1980 Socrates:
1351 1916 1434 1981 sitne
1470 1917 1545 2000 phi-

421 2042 570 2128 losophia
599 2039 639 2105 nd
662 2041 802 2102 mentem
825 2035 989 2114 Platonis,
1018 2057 1059 2100 an
1087 2057 1162 2100 vero
1192 2035 1353 2104 rhetorica
1383 2040 1542 2123 politica,

423 2167 527 2253 qualis
549 2170 627 2230 tunc
649 2166 737 2240 erat,
766 2160 898 2247 dignum
920 2159 1050 2225 homine
1071 2161 1223 2226 studium.
1246 2161 1272 2248 ¹)
1306 2162 1433 2229 Priores
1455 2165 1544 2230 enim

423 2312 602 2368 sermones,
624 2287 680 2373 qui
702 2307 722 2350 a
743 2284 875 2350 Socrate
898 2306 970 2349 cum
1001 2283 1123 2369 Gorgia
1152 2287 1186 2349 et
1208 2284 1288 2350 Polo
1312 2287 1544 2366 instituuntur,

423 2416 506 2484 nihil
528 2413 616 2479 aliud
638 2410 700 2477 sihi
722 2410 856 2487 volunt,
882 2429 978 2491 quam
1013 2409 1096 2473 viam
1128 2410 1279 2476 muniunt
1306 2411 1545 2493 quodammodo

423 2543 463 2608 ad
485 2541 575 2606 illam
598 2534 815 2611 sententiam,
846 2554 928 2617 quae
955 2532 1052 2598 tertio
1080 2555 1224 2598 sermone
1258 2533 1299 2598 ab
1330 2535 1440 2600 eodem
1464 2559 1545 2620 pro-

424 2665 616 2731 nunciatur:
641 2657 792 2743 sapienti,
816 2656 952 2722 oratoris
975 2656 1080 2722 olficio
1103 2661 1221 2741 spreto,
1245 2658 1279 2722 in
1302 2657 1546 2745 philosophiam
1672 2721 1673 2748 ἶ

361 2777 363 2781 ’
421 2811 489 2856 esse
509 2783 768 2854 incumbendum.
791 2779 907 2845 Omnia
930 2779 1038 2858 enim,
1060 2801 1142 2865 quae
1164 2780 1231 2845 sive
1258 2782 1363 2867 primo
1397 2804 1546 2850 sermone
1672 2783 1673 2792 ’

421 2917 460 2978 de
483 2909 667 2977 definitione
690 2909 723 2971 et
745 2903 868 2970 ambitu
892 2903 1065 2969 rhetorices
1090 2904 1193 2988 deque
1216 2906 1284 2990 ejus
1307 2927 1379 2971 eum
1406 2908 1544 2973 scientia

421 3035 665 3110 necessitudine,
687 3031 754 3096 sive
776 3029 878 3094 altero
902 3050 1046 3094 sermone
1069 3029 1107 3094 de
1130 3030 1211 3107 fine,
1243 3029 1402 3109 utilitate,
1436 3031 1543 3097 hone·

421 3167 505 3229 state
518 3158 677 3227 oratoriae
688 3153 852 3220 lacnltatis
867 3152 1083 3238 disputantur,
1097 3191 1137 3202 -
1151 3174 1189 3217 eo
1201 3157 1358 3238 spectant,
1374 3157 1412 3218 ut
1427 3154 1461 3219 in
1474 3158 1543 3218 ter-

421 3289 468 3353 tia
490 3282 703 3350 collocutione
715 3275 941 3344 concludatur:
957 3274 1124 3360 indignum
1143 3299 1210 3341 esse
1222 3276 1438 3361 sophistarum
1451 3299 1543 3343 more

421 3405 652 3494 rempublicam
664 3421 827 3487 capessere
839 3402 872 3464 et
891 3398 1090 3464 orationibus
1103 3422 1232 3484 operam
1244 3422 1377 3478 navare:
1399 3400 1455 3465 sed
1469 3422 1540 3465 om-

423 3535 501 3600 nino
523 3525 813 3615 philosophandum
826 3544 893 3586 esse
905 3544 994 3588 more
1006 3521 1178 3602 Socratico,
1195 3545 1258 3588 non
1275 3524 1359 3587 enim
1372 3525 1543 3609 voluptate

420 3657 475 3723 sed
498 3655 668 3719 honestate
690 3649 847 3714 bonorum
869 3646 949 3711 fines
973 3645 1140 3712 contineri.
1163 3645 1255 3721 Quod
1276 3653 1445 3713 cumesset
1464 3671 1542 3733 pro-

419 3780 561 3866 positum
584 3797 677 3842 omne
699 3773 787 3838 illius
809 3769 947 3858 dialogi:
971 3771 1058 3836 hand
1077 3774 1197 3835 temere
1226 3770 1371 3854 proiecto
1406 3770 1541 3837 Crassus

419 3906 454 3970 in
479 3900 638 3988 principio
662 3894 686 3962 Ii
708 3896 783 3962 libri
806 3895 845 3959 de
869 3893 1016 3973 Oratore,
1039 3894 1095 3961 ubi
1118 3892 1325 3974 Scaevolam,
1353 3895 1393 3959 de
1414 3896 1541 3961 ambitu

381 4078 386 4091 ,
420 4033 452 4094 et
476 4025 634 4112 dignitate
657 4019 858 4105 eloqucntiae
883 4017 1103 4084 detrahentem
1120 4016 1221 4095 audit,
1237 4017 1347 4082 statim
1369 4018 1540 4086 Platonem

421 4152 557 4218 »harum
586 4147 840 4234 disputationum
875 4145 1075 4210 inventorem
1098 4146 1131 4208 et
1160 4141 1359 4227 principem''
1394 4143 1539 4227 profert:

456 4421 485 4498 1>
503 4417 595 4476 Bonita
613 4415 681 4472 Plat.
701 4412 775 4469 Stud.
794 4431 820 4488 p.
839 4414 883 4468 ³3.
903 4411 951 4467 cir.
970 4407 1052 4486 Gorg.
1070 4428 1099 4486 p.
1117 4411 1177 4466 500.
