3366 5206
669 569 710 646 ll

131 791 207 858 tiam
237 803 464 877 pernoscemus
497 792 662 879 penitius,
688 794 860 879 eadeque
888 792 1009 878 majore
1041 813 1114 859 cum
1146 792 1245 858 animi

131 911 295 1002 voluptate
317 919 537 1002 perfruemurt
560 920 687 1008 egregie
704 920 798 1004 juvet
809 916 1033 984 excellentium
1047 916 1246 1002 quorundam

131 1061 262 1126 operum
285 1043 471 1109 memoriam
495 1047 661 1128 repetere,
695 1065 778 1129 quae
807 1041 879 1109 sive·
896 1041 937 1106 sd
959 1040 1150 1106 imitandum
1180 1040 1247 1106 sire

131 1165 171 1229 ad
204 1165 428 1253 corrigendum
462 1167 530 1234 sive
560 1170 603 1236 ad
625 1167 837 1234 refellendum
867 1167 1005 1251 scriptor
1028 1165 1183 1250 antiquus
1213 1166 1247 1231 in

132 1292 238 1356 mente
260 1289 410 1356 habuisse
431 1291 588 1357 rideretur.

174 1412 303 1480 Omissa
329 1413 431 1502 igitur
447 1405 648 1500 quaestione,
671 1439 753 1501 quae
776 1418 861 1483 forte
882 1418 917 1482 in‘
938 1415 1030 1481 libris
1052 1415 1091 1480 de
1114 1415 1249 1481 Oratore

133 1541 189 1602 eut
218 1527 417 1626 Hermogeni
450 1545 508 1606 eut
537 1541 758 1629 Hermagorae
788 1531 846 1606 ant
879 1540 1037 1606 Paeoenio
1058 1540 1249 1618 debeantur,

134 1675 268 1746 quorum
281 1683 395 1748 opera,
407 1667 567 1730 retrrstate
577 1657 754 1751 deperdita,
767 1665 990 1730 tantummodo
999 1685 1037 1730 er
1047 1664 1148 1749 ipsius
1158 1664 1249 1730 Cice·

134 1785 218 1850 ronis
241 1785 332 1851 libris
354 1777 557 1872 aliquatenus
573 1790 702 1855 restitui
725 1793 877 1876 possunt,
900 1787 986 1854 haud
1007 1789 1122 1854 inutile
1144 1789 1248 1854 visum

134 1912 181 1974 est
206 1905 420 1975 nobilissimos
447 1911 572 1995 sliquos
603 1905 742 1979 excitare
757 1913 951 1997 scriptores,
985 1935 1025 1979 ex
1047 1913 1165 1998 quibus
1187 1914 1248 1979 hae

135 2029 301 2100 Tullianae
323 2036 558 2120 disputationes
581 2038 750 2104 manifeste
772 2037 922 2122 pendent.
946 2036 1081 2113 Quinam
1098 2060 1174 2125 ergo
1190 2061 1250 2103 no-

136 2156 183 2222 bis
214 2157 351 2224 adeundi
374 2163 495 2226 erunt?
528 2149 707 2228 Audiamus
735 2159 814 2247 qnid
843 2159 982 2227 Lentulo
1005 2183 1064 2227 suo
1087 2161 1250 2247 scripserit

135 2282 200 2366 ipse
223 2283 360 2351 Tullius.

175 2407 317 2494 »Scripsi
339 2411 436 2476 etism
460 2451 502 2462 -
526 2428 601 2477 narn
624 2411 722 2476 etiam
749 2409 791 2476 ab
819 2408 1017 2476 orationibus
1040 2409 1174 2496 dijungo
1197 2431 1249 2475 me

135 2531 198 2598 lore
230 2533 397 2620 referoque
432 2537 473 2601 'ed
503 2521 735 2602 mansuetiores
765 2531 896 2611 Musas,
927 2555 1008 2618 quse
1036 2556 1087 2600 me
1110 2533 1248 2600 maxime

136 2657 214 2723 sieut
232 2659 300 2742 Jam
323 2680 343 2722 s
365 2659 470 2744 prime
492 2658 707 2725 adolescentia
728 2656 930 2724 delectarunt
949 2695 993 2708 -
1013 2658 1125 2743 scripsi
1147 2658 1249 2744 igitur

137 2783 312 2850 Aristotelio
335 2797 441 2862 mor'e,
468 2783 755 2870 quaemadmodum
777 2783 907 2868 quidem
930 2781 1040 2861 volui,
1062 2787 1128 2848 tres
1150 2781 1250 2848 libros
1301 2865 1305 2872 Ι

136 2907 167 2971 in
188 2908 407 2994 disputatione
432 2927 469 2976 ae
491 2909 621 2996 dislogo
642 2910 680 2976 de
700 2909 848 2989 Oratore,
867 2931 948 2996 quos
959 2906 1099 2973 arbitror
1112 2907 1250 2972 Lentulo

136 3035 189 3098 tuo
209 3033 278 3100 iore
301 3053 365 3098 non
388 3033 533 3101 inutiles:
558 3034 734 3100 abhorrent
756 3035 843 3100 enim
866 3055 886 3098 a
914 3031 1138 3098 communibus
1155 3052 1249 3116 prae·

137 3158 231 3241 ceptis
253 3161 352 3242 etque
374 3177 502 3224 omnem
525 3159 731 3243 antiquorum
753 3157 1005 3223 etAristetetiom
1023 3167 1051 3220 et
1066 3154 1250 3222 Isocratium

136 3285 281 3348 weram
304 3285 473 3347 oratoriam
497 3281 787 3367 complectuntur.”
809 3281 837 3368 ¹)

180 3403 292 3490 ltaque
315 3404 354 3470 de
376 3404 559 3470 imitatione
580 3403 731 3470 Tulliana
753 3407 943 3490 quaerentes
965 3403 1106 3487 primum
1123 3404 1250 3468 Aristo·

137 3525 229 3592 telem
254 3530 289 3592 et
311 3527 497 3605 lsooratem,
522 3527 695 3614 magistros
717 3547 793 3592 sene
815 3526 1042 3603 nobilissimos,
1054 3525 1141 3591 odire
1156 3525 1251 3592 debe-

138 3671 215 3718 mus.
238 3650 313 3730 Sed,
335 3651 483 3736 ueprius
507 3651 546 3716 de
568 3650 710 3716 Isocrate
732 3649 885 3728 dicamus,
908 3649 994 3715 haud
1016 3650 1062 3714 its
1085 3650 1179 3716 facile
1202 3655 1252 3716 est

138 3774 231 3860 hujus
253 3797 336 3862 quae
358 3776 477 3842 dicitur
501 3775 683 3841 »rationem
706 3775 901 3840 oratoriam’¹
932 3775 1083 3840 indicare.
1118 3775 1252 3860 Scripsit

138 3897 190 3964 ille
212 3899 340 3985 quidem
363 3899 504 3990 aliquam
526 3906 654 3988 τέχνην,
667 3899 752 3964 -id
774 3898 960 3965 Aristotelis
971 3900 1155 3966 testimonio
1177 3921 1253 3967 con-

138 4029 201 4091 stat
224 4063 265 4074 -
292 4047 375 4110 quse
397 4029 507 4091 temen
530 4046 605 4090 mox
626 4023 786 4089 interiisse
814 4023 950 4090 ridetur.
982 4024 1128 4091 Ciceroni
1150 4025 1252 4103 enim,

139 4171 209 4216 cum
232 4149 463 4217 commentaria
485 4170 543 4215 sue
566 4149 605 4214 de
628 4147 817 4214 Inventione
840 4147 1009 4230 scribebat,
1027 4147 1178 4216 Isocratis
1201 4169 1253 4214 ars

144 4312 301 4325 “

174 4421 201 4484 t)
220 4419 259 4476 do
274 4420 338 4476 lam.
356 4418 376 4475 l.
395 4421 421 4477 9.
440 4419 457 4489 5
475 4422 518 4476 23.
