3404 5198
529 1959 943 2035 PROOEMIUM.

222 2736 301 2802 Cum
321 2759 362 2801 cx
375 2736 445 2822 lege
457 2737 576 2820 scripto
593 2735 703 2800 libello
717 2736 873 2801 industria
886 2758 956 2802 mea
970 2742 1003 2802 ct
1019 2738 1165 2817 eruditio,
1178 2739 1299 2822 qualis·

181 2883 315 2947 cumque
332 2864 391 2938 est,
403 2860 482 2925 artis
494 2861 694 2925 antistitibus
714 2860 937 2944 approbandae
954 2866 1070 2939 essent,
1082 2867 1298 2946 opportunum

180 2987 284 3050 visum
308 2985 411 3050 estin
438 2985 690 3050 commentandis
714 2955 874 3049 Ciceronis
898 2985 987 3050 libris
1008 2986 1047 3050 de
1070 2986 1205 3052 Oratore
1228 2992 1299 3052 ten-

182 3115 262 3188 tare,
286 3109 363 3194 qnid
386 3131 522 3192 possem.
546 3109 719 3174 Alliciebat
742 3110 826 3172 enim
850 3109 1047 3192 praestantia
1067 3110 1191 3193 operis,
1214 3113 1299 3195 quod

181 3234 314 3298 docente
340 3233 495 3320 magistro
518 3233 767 3318 prudentissimo
797 3233 1063 3318 ornatissimoque
1094 3203 1240 3301 adamari
1267 3240 1300 3301 et

181 3359 408 3445 magnifacere
425 3359 518 3423 didici
532 3382 540 3435 ;
558 3358 712 3422 suadebat
723 3358 802 3422 illud
815 3379 953 3442 quoque,
965 3359 1049 3442 quod
1064 3359 1207 3423 videbam
1224 3382 1299 3444 pro·

180 3483 275 3547 ximis
298 3483 390 3548 annis
414 3484 533 3548 multos
556 3483 641 3547 viros
665 3483 775 3548 doctos
798 3480 959 3546 Ciceronis
981 3482 1109 3565 scriptis
1132 3483 1300 3549 rhetoricis

182 3608 386 3673 emendandis
398 3613 526 3673 strenue
544 3631 673 3692 operam
686 3605 821 3676 dedisse„
844 3604 925 3668 »Die
939 3607 1109 3690 ungemein
1127 3628 1202 3692 rege
1214 3607 1302 3672 Tha-

182 3733 302 3818 tiglreit
314 3772 357 3779 —
369 3733 414 3797 ita
437 3733 549 3797 scribit
571 3732 611 3798 cl.
636 3732 764 3797 strobel
780 3732 802 3814 ¹)
822 3767 848 3774 —
870 3728 920 3791 dic
944 3728 1095 3793 wiihrcnd
1115 3730 1301 3796 derletztcn

184 3858 225 3920 13
247 3853 348 3921 Jahre
372 3857 431 3920 auf
451 3857 522 3920 dem
546 3855 679 3920 Gabiete
699 3857 754 3920 der
767 3851 985 3919 rhetorischen
1002 3851 1164 3919 Schriften
1177 3854 1302 3920 Ciceros

182 3980 334 4044 entfaltct
356 3981 486 4056 wurde‚
515 3981 615 4066 bezog
646 3980 713 4045 sich
742 4002 824 4066 ganz
851 3978 1023 4043 besondcrs
1046 3979 1105 4043 anf
1131 3980 1182 4044 die
1204 3979 1303 4044 Text·

181 4105 293 4170 irritik.
317 4103 527 4192 Angehbrige
549 4107 614 4171 fast
637 4105 717 4170 aller
740 4105 903 4170 Nationcn
925 4102 1071 4188 Europes
1092 4105 1304 4171 wetteiferten

187 4303 348 4314 ——nn—

218 4409 246 4480 1)
265 4410 294 4464 in
313 4407 451 4464 Bursian's
469 4406 669 4463 Jahrosberioht
686 4405 717 4462 B.
737 4408 771 4460 80
789 4407 863 4462 abth.
882 4409 898 4461 2
917 4425 980 4479 pag.
1000 4411 1061 4464 166.

1218 4502 1232 4566 1
