3404 5198
974 583 1015 647 16

439 803 603 869 »modeste
627 800 783 888 Diogenis
806 802 839 864 et
863 796 1002 864 sobria.'’
1025 797 1051 884 ¹)
1075 788 1182 882 Atque
1203 796 1238 861 hi
1261 796 1356 882 primi
1379 797 1465 863 iuter
1487 795 1556 862 Ro·

437 948 548 992 manos
578 925 703 990 dioendi
732 923 812 989 artis
836 943 993 1006 veraeque
1016 920 1218 1005 eloquentiae
1247 921 1394 1006 magistri
1415 920 1555 986 habendi
1592 939 1595 944 ·
1674 937 1675 942 ¹

438 1053 528 1114 sunt:
552 1049 593 1115 ab
617 1070 727 1114 eorum
750 1050 857 1112 aetate
879 1045 990 1112 stetim
1006 1044 1150 1128 prodiere
1166 1048 1310 1110 oratores
1329 1041 1478 1124 Romani,
1497 1044 1555 1127 qui

438 1194 549 1237 revera
573 1170 736 1256 praeclaro
759 1169 821 1235 hoe
850 1168 979 1234 nomine
1006 1168 1096 1254 digni
1126 1172 1228 1232 erant.
1256 1167 1303 1234 At
1334 1165 1408 1235 mor
1436 1191 1556 1257 magna
1675 1219 1676 1230 ,

438 1297 577 1382 quadam
600 1300 730 1361 caterva
759 1294 902 1360 rhetores
933 1293 1046 1359 Graeci
1076 1293 1213 1358 Romam
1245 1293 1454 1371 invaserunt,
1482 1316 1555 1359 ver·

438 1421 552 1492 borum
586 1419 635 1483 illi
668 1418 796 1503 quidem
830 1416 968 1482 artifices
1004 1416 1232 1495 versatissimi,
1271 1416 1445 1484 Carneadis
1479 1441 1555 1484 vero
1676 1473 1677 1476 ,

439 1543 657 1632 Diogenisque
681 1541 837 1626 sapientia
860 1545 892 1606 et
915 1539 1093 1605 eruditione
1116 1563 1246 1625 prorsus
1269 1546 1425 1608 carentes,
1447 1543 1556 1609 Hebes

443 1673 540 1752 atque
583 1665 765 1751 impolitum
800 1664 887 1729 istud
920 1663 1095 1730 rhetorum·
1125 1685 1227 1750 genus
1267 1665 1365 1732 luisse
1399 1667 1554 1745 traditum

439 1795 566 1877 praeter
590 1789 724 1876 vulgata
758 1788 924 1853 rhetorum
957 1792 1126 1872 praecepta
1159 1788 1241 1852 nihil
1275 1792 1451 1868 tenebant;
1481 1791 1556 1876 phi-

440 1912 620 1999 losophiam
645 1935 685 1978 ue
708 1895 902 1997 primoribus
925 1911 1052 1994 quidem
1075 1909 1174 1975 labris
1198 1913 1393 1999 attigeraut3
1417 1915 1455 1980 de
1478 1915 1557 1981 eivi-

440 2039 563 2105 tatibus
585 2036 795 2113 moderandis,
818 2034 856 2100 de
880 2034 1053 2118 aequitate,
1075 2035 1215 2118 justitia,
1238 2037 1311 2117 fide,
1335 2039 1454 2104 litteris
1474 2040 1556 2105 nihil

439 2165 472 2229 in
497 2184 607 2228 eorum
630 2161 776 2225 doctriua
797 2158 1040 2236 continebatur3
1075 2158 1114 2224 de
1143 2162 1315 2244 prooemiis
1346 2167 1379 2228 et
1403 2163 1558 2249 epilogis,

442 2289 480 2353 de
514 2286 721 2352 divisionibus
756 2305 923 2350 causarum
958 2282 1180 2348 minutissimis
1203 2285 1321 2350 infiniti
1345 2291 1455 2365 erant;
1494 2310 1557 2352 uno
1679 2279 1680 2284 ἵ

443 2433 537 2497 opere
557 2410 689 2475 eandem
700 2407 847 2474 ineudem
859 2407 913 2472 diu
934 2407 1298 2491 noctuquetundebant.
1322 2411 1368 2476 At
1383 2435 1558 2495 numquam

444 2541 478 2602 ot
508 2555 667 2618 nusquam
697 2535 856 2596 terrarum
887 2529 1033 2595 homines
1061 2531 1094 2595 in
1118 2553 1181 2596 una
1211 2534 1372 2602 relhoriea
1395 2542 1559 2623 tamquam

445 2661 477 2724 in
502 2659 577 2724 orbe
600 2656 735 2734 inclusi,
763 2654 988 2740 philosophiae
1018 2658 1126 2719 autem
1151 2660 1391 2742 ceterarumque
1419 2659 1560 2745 discipli·

444 2807 569 2862 uarum,
593 2804 674 2868 quae
697 2781 738 2846 ad
760 2781 861 2846 vitam
882 2780 1058 2864 pertinent,
1081 2780 1175 2846 rudes
1202 2786 1299 2867 atque
1319 2784 1461 2869 imperiti
1484 2784 1560 2849 boni
1681 2783 1682 2794 ’

446 2907 647 2993 eloquentiae
678 2905 824 2991 magistri
845 2926 913 2969 esse
935 2908 1079 2988 possunt.
1113 2904 1253 2989 Ideoque
1282 2907 1406 2973 dicendi
1434 2909 1561 2992 quidem

446 3031 624 3118 praeseptis
642 3052 751 3095 eorum
764 3051 824 3113 ope
837 3029 921 3092 vieta
933 3026 1065 3092 Graecia
1083 3027 1220 3093 Romam
1240 3030 1402 3095 victricem
1423 3032 1563 3105 domuit3

446 3178 511 3222 non
533 3156 654 3240 injuria
677 3159 784 3219 tamen
808 3152 973 3217 rhetorum
995 3151 1063 3215 ludi
1085 3152 1198 3216 multis
1221 3155 1387 3220 offensioni
1410 3155 1508 3221 fuere.

408 3336 411 3342 .
492 3280 601 3364 Atque
623 3279 658 3343 hi
682 3278 810 3362 quidem
834 3275 968 3352 Graeei;
999 3276 1107 3341 Latini
1131 3282 1255 3355 autem,
1279 3301 1415 3363 quorum
1439 3280 1564 3346 Plotius

447 3404 561 3471 Gallus
573 3404 695 3488 primus
712 3402 811 3466 fuisse
830 3401 943 3478 fertur,
960 3401 1139 3467 imitatores
1153 3402 1201 3466 »si
1216 3402 1264 3467 dis
1280 3404 1418 3487 plaeet'',
1435 3404 1564 3470 Graecis

449 3530 545 3596 etiam
573 3529 698 3614 pejores
728 3525 931 3591 exstiterunt.
962 3524 1067 3590 »Nam
1097 3527 1181 3610 apud
1209 3526 1346 3594 Graeeos
1375 3529 1566 3595 euiouimodi

449 3657 555 3720 essent
584 3691 623 3702 —
653 3652 700 3716 ita
730 3649 864 3715 Crassus
892 3650 926 3713 in
953 3650 1081 3736 dialogo
1114 3691 1154 3699 -
1188 3651 1332 3716 ridebam
1363 3656 1470 3716 tamen
1499 3674 1566 3717 esse

448 3782 576 3865 praeter
605 3777 688 3840 hane
719 3773 979 3839 exercitationem
1011 3774 1141 3860 linguae
1169 3776 1345 3841 doctrinam
1370 3776 1512 3860 aliquam
1535 3779 1567 3842 et

449 3902 649 3968 humanitate
662 3900 792 3987 dignam
810 3899 990 3976 seientiam;
1012 3898 1071 3964 hos
1088 3922 1170 3965 vero*
1180 3921 1280 3965 novos
1297 3901 1468 3988 magistros
1485 3900 1567 3966 nihil

449 4025 672 4112 intelligebam
690 4046 783 4109 posse
806 4025 918 4090 dooere
941 4025 1004 4088 uisi
1028 4029 1064 4089 ut
1088 4025 1258 4102 auderent3
1279 4026 1478 4110 quodetiam
1496 4048 1567 4091 eum

450 4151 543 4216 bonis
566 4150 662 4215 rebus
685 4150 912 4234 conjunctum,
944 4170 1001 4234 per
1028 4170 1061 4214 se
1091 4147 1197 4233 ipsum
1219 4153 1268 4214 est
1301 4171 1494 4238 magnopere
1517 4150 1567 4215 fu·

451 4314 611 4325 Ψ*-

487 4419 514 4492 1)
533 4421 595 4477 aa.
614 4419 683 4476 oen.
702 4417 728 4475 u
745 4420 769 4476 Α
787 4415 823 4476 vr
841 4421 884 4476 14.
