3404 5198
691 593 732 662 5¹?

149 811 252 890 dibus,
275 813 372 898 atque
394 810 507 877 iisdem
529 832 610 896 pene
634 809 749 904 verbis,
772 809 945 894 quibusin
968 807 1055 874 hisce
1066 805 1159 872 libris
1172 825 1266 871 orna·

150 941 202 1001 tur
224 936 418 1022 eloquentia,
441 940 553 1020 postea
564 934 802 1020 philosophiam
818 956 946 1020 quoque
962 931 1132 998 extulerit:
1157 926 1206 993 »Ο
1219 927 1268 992 vi·

23 1131 24 1138 ,
149 1065 201 1126 tae
223 1060 429 1146 philosophia
448 1061 524 1137 dux,
546 1058 662 1142 inquit,
686 1082 705 1124 o
729 1060 858 1124 virtutis
881 1056 1065 1142 indagatrix
1088 1051 1267 1137 expultrix·

150 1206 210 1270 que
223 1184 396 1249 vitiorum!
414 1184 496 1260 Quid
509 1205 572 1248 non
599 1182 694 1247 modo
717 1203 776 1246 nos
798 1182 854 1247 sed
878 1181 1009 1246 omnino
1022 1180 1088 1244 vita
1100 1176 1268 1242 hominum

150 1310 216 1374 sine
239 1315 272 1374 te
295 1330 363 1374 esse
386 1308 566 1394 potuisset?
588 1308 637 1371 Tu
661 1307 755 1371 urbes
779 1305 942 1390 peperisti,
967 1308 1002 1369 tu
1022 1303 1191 1385 dissipatos
1207 1298 1267 1362 ho·

150 1432 251 1498 mines
272 1434 308 1499 in
330 1435 515 1500 societatem
538 1434 624 1497 vitae
647 1430 841 1505 convocasti,
865 1433 901 1494 tu
925 1451 979 1493 eos
1002 1427 1140 1492 interae
1163 1421 1266 1506 primo

150 1556 328 1635 domiciliis,
350 1557 462 1622 deinde
486 1556 660 1642 conjugiis,
682 1559 751 1619 tum
773 1553 954 1618 litterarum
985 1556 1018 1616 ct
1042 1570 1154 1615 vocum
1178 1565 1265 1609 com-

150 1681 299 1754 munione
318 1677 474 1763 junxisti,
504 1684 541 1744 tu
565 1677 726 1743 inventrix
750 1676 878 1762 legum,
901 1678 935 1740 tu
960 1673 1116 1758 magistra
1139 1681 1264 1734 morum

150 1805 182 1867 et
202 1803 389 1887 discipliuae
413 1804 536 1868 fuisti.’'
559 1803 585 1890 ¹)

193 1925 280 2002 Quae
303 1927 431 2011 quidem
454 1927 628 2013 magnifica,
656 1925 850 2010 praedicatio
872 1924 969 1988 etiam
1003 1921 1060 1986 illc
1093 1920 1164 1985 loco
1196 1938 1266 1980 orn·

151 2047 225 2112 nino
248 2048 382 2112 adeum
405 2049 543 2114 refertur
575 2048 818 2133 philosophum,
852 2049 907 2131 qui
938 2047 982 2111 sit
1009 2044 1105 2110 simul
1134 2043 1266 2107 »doctus

151 2163 296 2236 orator'':
320 2193 395 2236 nam
417 2172 450 2236 in
471 2172 574 2257 prima
596 2172 813 2256 disputatione
841 2173 1023 2236 monuerat:
1045 2166 1159 2232 »Hanc
1181 2165 1266 2230 euim

150 2294 321 2376 perfectam
355 2294 592 2380 philosophiam
627 2307 751 2381 semper
771 2294 923 2381 judicavi,
947 2315 1029 2376 quae
1052 2291 1090 2356 de
1115 2287 1263 2355 maximis

23 2409 24 2412 ¹
150 2417 390 2501 quaestionibus
411 2417 538 2504 copiose
561 2423 669 2503 posset
691 2421 866 2504 ornateque
882 2416 1017 2484 dioere”
1031 2414 1172 2502 ²)Neque
1184 2412 1263 2477 illud

23 2567 24 2580 ¹
149 2541 272 2605 mirum.
298 2541 451 2606 Romanis
463 2543 546 2606 enim
566 2565 680 2627 parum
692 2543 863 2628 placebant
874 2542 933 2618 illi,
945 2541 1000 2626 qui
1016 2541 1050 2605 in
1075 2535 1264 2642 disciplinis,

149 2666 205 2727 aut
227 2664 352 2729 artibus
375 2665 612 2730 obscurioribus
634 2667 682 2730 ita
705 2667 805 2732 vitam
828 2667 1061 2740 consumerent,
1085 2667 1264 2745 utanego·

150 2788 200 2852 tiis
223 2787 432 2854 abhorrentes
455 2790 545 2855 nulla
568 2789 693 2856 ratione
716 2789 903 2875 prodessent
926 2789 972 2854 rei
1005 2786 1167 2872 publicae;
1202 2783 1263 2846 im-

149 2912 287 2993 perfecta·
309 2915 407 2995 atque
429 2913 520 2996 parvi
542 2912 639 2996 pretii
662 2912 974 2978 videbantureorum
987 2911 1129 2980 omnium
1146 2905 1263 2981 studia,

149 3035 289 3117 quinon
312 3036 353 3100 ad
376 3035 476 3100 vitam
498 3058 535 3100 ea
558 3037 748 3122 dirigebant.
785 3036 888 3112 Quare
912 3035 1054 3101 animose
1084 3031 1195 3098 Oiocro
1228 3028 1263 3093 in

148 3155 240 3236 libro,
263 3159 319 3244 qui
341 3159 515 3242 inscriptus
540 3163 589 3225 est
612 3160 815 3226 Hortensius.
840 3159 1035 3224 »Facessant
1056 3157 1159 3243 igitur
1193 3175 1262 3219 orn-

149 3297 212 3359 nes,
235 3282 292 3366 qui
314 3283 426 3348 docere
449 3283 531 3348 nihil
556 3287 702 3368 possunt,
718 3305 781 3369 quo
797 3283 911 3348 melius
922 3281 1160 3367 sapientiusque
1175 3277 1262 3342 vira·

148 3405 248 3470 mus.'’
274 3405 300 3492 ¹)
322 3405 431 3491 Atque
464 3408 498 3472 in
531 3407 615 3473 libro
641 3407 687 3472 De
712 3407 847 3474 Officiis:
875 3445 913 3456 -
938 3411 976 3471 ut
1004 3404 1113 3489 paucis
1135 3400 1263 3466 aliunde

148 3529 256 3610 petitis
279 3528 440 3594 Ciceronis
464 3535 602 3595 mentem
625 3527 821 3597 illustremus
846 3571 886 3580 -
912 3530 1052 3615 »Eloqui
1064 3527 1199 3612 copioso,
1212 3525 1261 3588 in-

145 3653 233 3735 quit,
255 3655 349 3720 modo
373 3654 546 3738 prudenter
569 3655 683 3720 melius
705 3658 754 3720 est
776 3676 873 3737 quam
897 3653 948 3718 vel
981 3652 1162 3718 acutissime
1193 3650 1261 3712 sine

148 3774 328 3862 eloquentia
349 3779 503 3864 cogitare,
524 3781 611 3863 quod
635 3778 789 3864 cogitatio
812 3778 846 3842 in
870 3801 903 3844 sc
922 3779 996 3863 ipsa
1020 3777 1170 3851 vertitur,
1193 3773 1260 3839 elo-

147 3901 274 3980 quentia
313 3901 535 3986 complectitur
563 3925 631 3980 eos,
666 3903 855 3988 quibuscum
895 3900 1124 3966 communitate
1155 3898 1260 3982 juncti

146 4111 301 4124 ———--

180 4235 208 4298 l)
225 4234 303 4289 Tusa.
323 4236 341 4288 l.
362 4235 394 4289 V.
415 4239 440 4290 5.

179 4325 205 4383 2)
222 4322 301 4378 Tusa.
320 4325 338 4378 l.
358 4324 377 4377 l.
399 4328 422 4379 7.

179 4412 205 4472 3)
222 4410 294 4468 Hori.
314 4413 346 4466 fr.
367 4416 409 4468 41.
