3404 5198
437 774 588 836 oetatem.
624 769 706 836 Tum
729 767 864 836 Caesar:
889 793 923 836 se
947 793 1011 836 une
1034 793 1068 836 re
1092 772 1230 840 maxime
1253 778 1449 841 commotum
1473 795 1557 842 esse:

442 893 529 977 qnod
552 894 718 980 negaverit
740 892 890 974 Crassus,
914 917 987 960 cum
1010 897 1067 981 qui
1090 919 1153 962 non
1177 897 1241 962 cito
1270 897 1347 982 quid
1379 898 1558 978 didicisset,

437 1039 590 1103 nmquam
613 1018 744 1084 omnino
766 1039 859 1102 posse
880 1019 1069 1102 perdiscere.
1094 1019 1255 1106 Sulpicius
1272 1023 1558 1109 rero‚quippeqni

437 1164 495 1210 nee
518 1141 726 1208 Aristotelem
750 1142 847 1208 istum
877 1164 981 1227 neque
1008 1142 1204 1210 Carneadem
1228 1147 1403 1224 desideret,
1438 1151 1471 1213 ct
1505 1149 1557 1212 cui

436 1267 609 1334 forensium
632 1270 666 1330 et
688 1267 906 1350 communium
931 1267 1075 1354 vulgaris
1098 1269 1241 1354 cognitio
1264 1269 1343 1335 satis
1375 1291 1495 1357 magua
1517 1271 1557 1335 ed

436 1413 518 1468 eam,
542 1413 639 1475 quarn
663 1391 797 1474 spectet,
825 1390 1042 1476 eloquentiam
1073 1392 1238 1471 videatur,
1271 1392 1422 1459 Crassum
1444 1393 1556 1470 adid,

436 1516 613 1601 quoderat
636 1514 848 1613 propositum,
872 1519 1015 1580 revocatr
1040 1517 1146 1581 »refer
1168 1515 1556 1602 ediliate‚inquit,quae

435 1640 475 1704 ed
487 1639 587 1722 ipsius
606 1637 760 1704 orationis
772 1637 898 1704 laudem
915 1637 1180 1724 splendoremque
1192 1638 1387 1724 pertinent.’'
1404 1639 1555 1716 Quium

435 1783 555 1828 morem
578 1766 682 1848 geret,
699 1763 766 1845 jam
789 1761 823 1827 in
847 1762 1088 1850 »pervulgatir”
1112 1764 1188 1842 illis,
1212 1763 1317 1840 nteit,
1333 1767 1367 1828 et
1384 1763 1554 1830 ›minutis-

435 1886 544 1952 simis”
567 1886 674 1963 rebus,
696 1884 820 1970 reliqua
842 1885 912 1969 ejus
935 1887 1039 1952 cretio
1061 1892 1219 1956 versetur.
1244 1886 1350 1973 Igitur
1365 1886 1553 1955 elocutionis

435 2015 604 2096 praecepta
627 2009 776 2087 breviter,
800 2009 853 2074 sed
877 2007 981 2076 multa
1003 2015 1073 2078 erte
1095 2011 1250 2096 explicat:
1274 2010 1354 2075 dicit
1375 2010 1416 2076 de
1439 2011 1553 2075 verbo·

434 2157 506 2204 rum
529 2133 823 2218 sententiarumque
845 2134 975 2219 liguris,
999 2136 1038 2200 de
1057 2134 1268 2202 collocatione
1291 2134 1472 2200 verborum.
1507 2134 1551 2199 De

434 2257 637 2326 efformandis
659 2260 767 2322 entem
790 2256 927 2340 periodis
941 2257 1044 2342 deque
1059 2279 1192 2324 numero
1215 2259 1367 2336 oratorio,
1381 2258 1551 2342 -quiuus
1678 2255 1679 2268 ¹

434 2380 563 2447 excellit
585 2378 696 2446 Cicero
721 2417 761 2428 -
785 2379 895 2464 paullo
918 2379 1015 2446 latius
1037 2380 1190 2466 disputat.
1216 2382 1263 2448 De
1286 2403 1336 2460 en,
1358 2381 1446 2464 quod
1459 2381 1550 2446 decet

435 2511 468 2572 et
492 2509 603 2589 aptum
627 2509 687 2581 est,
710 2504 978 2588 perpaucenddit.
1001 2505 1169 2572 Peroratio
1191 2506 1319 2572 tandem
1336 2505 1549 2572 omniumho·

433 2652 505 2696 rum
527 2650 710 2694 sermonum
732 2630 771 2692 dc
793 2629 909 2694 actione
943 2632 1080 2694 oratoria
1106 2630 1287 2714 praeceptis
1319 2629 1412 2715 qussi
1446 2631 1548 2700 muti-
1677 2713 1678 2718 ἵ

432 2757 541 2828 netum
565 2750 766 2837 quaesistis,
789 2773 982 2836 quemqnam
1017 2758 1091 2839 post
1121 2753 1338 2819 inventionem
1365 2753 1548 2838 dispositio·

431 2898 504 2942 nem
537 2873 748 2942 elocutionem
789 2875 994 2956 memoriam,
1024 2881 1062 2942 ut
1092 2882 1254 2962 postrema
1276 2897 1350 2960 pars
1373 2875 1547 2944 rhetorices

431 2998 594 3066 numerari
616 2997 717 3075 solet,
741 3001 862 3076 tamen,
885 3003 922 3065 ut
945 3001 992 3066 ait
1010 2999 1155 3079 Cressae,
1178 2999 1392 3070 »indicendo
1416 3001 1547 3072 unedo-

431 3123 604 3191 minator.”
616 3121 678 3190 Sed
690 3121 797 3207 placet
809 3123 847 3188 iis
855 3124 923 3207 jam
936 3125 1032 3190 finem
1044 3125 1244 3190 sermonibus
1255 3124 1429 3209 imponere.
1448 3123 1545 3192 ›Sur-

428 3270 553 3335 gamus,
576 3247 682 3332 inquit
702 3245 849 3326 Crassus,
868 3270 989 3333 nosque
1011 3270 1160 3314 curemus
1180 3253 1216 3314 et
1236 3247 1410 3333 aliquando
1431 3246 1546 3316 abhuc
1676 3227 1677 3274 ³

428 3372 608 3438 intentione
627 3371 856 3454 disputationis
880 3373 1003 3440 enimes
1025 3376 1153 3438 nostros
1173 3393 1314 3456 curaque
1335 3370 1511 3440 laxemus.’'

473 3621 646 3689 Celerrime
668 3621 913 3706 pervolavimus‚
938 3643 1020 3706 quoe
1043 3625 1149 3688 essent
1173 3621 1248 3688 huie
1258 3621 1457 3690 institutioni
1472 3643 1543 3688 cnm

427 3747 568 3835 volgatis
591 3749 757 3814 rhetorum
780 3748 902 3812 artibus
926 3748 1122 3824 communias
1143 3769 1227 3831 quae
1249 3747 1365 3814 horum
1387 3744 1562 3812 librorum·
1675 3745 1676 3788 i

426 3874 557 3958 propria
579 3873 763 3938 viderentur
785 3873 967 3938 accurnlins
990 3871 1179 3938 adumbrare
1202 3893 1311 3938 sumus
1340 3869 1457 3938 munti.
1492 3868 1543 3936 Itu

427 3997 511 4061 enim
535 3997 716 4062 universam
739 3996 989 4081 disputationem
1012 3995 1173 4064 illustrare
1198 3995 1399 4072 solebamus,
1434 3999 1472 4060 nt
1503 4016 1542 4060 ee

425 4122 614 4205 praesertim
637 4120 774 4186 dilucide
796 4122 1021 4196 cernerentur,
1055 4118 1170 4202 quibus
1203 4117 1274 4204 ipsa
1307 4119 1405 4208 liujus
1438 4119 1541 4204 operis

430 4245 575 4310 doctrina
598 4244 760 4309 videretur
781 4244 949 4310 contineri.
973 4243 1092 4318 Quodsi
1112 4244 1371 4322 cantuarensi,
1383 4247 1420 4312 ut
1437 4237 1541 4330 spero,

423 4391 488 4438 nun
518 4369 614 4458 plane
645 4369 730 4436 irriti
765 4370 864 4450 luere,
890 4406 930 4424 «ι
955 4389 1057 4458 neque
1089 4368 1175 4436 ¹enim
1209 4367 1352 4452 perfecte
1384 4358 1539 4454 quaedem
