3366 5206
963 546 1008 622 64

472 764 533 834 Sed
556 767 709 853 quoniam
734 766 872 834 diximus
894 767 934 834 de
958 765 1066 836 »omui
1089 765 1218 852 quidem
1245 765 1440 853 sapientia'’,
1463 789 1543 854 quae

427 903 464 963 ut
489 897 666 962 vindicetur
688 897 820 974 oratori,
845 896 983 964 maxime
1005 894 1125 980 »hujus
1147 892 1289 962 instituti
1300 895 1398 976 amna
1419 896 1543 977 tempo·

427 1021 471 1086 ris
493 1021 595 1098 esse’',
626 1018 739 1086 Cicero
766 1019 944 1106 siguificat3
972 1019 1082 1102 paucis
1109 1020 1207 1086 etiam
1245 1015 1446 1101 attingamus
1479 1038 1542 1100 qua

424 1145 552 1210 ratione
586 1144 688 1228 ipsam
723 1142 868 1208 »dicendi
892 1142 1090 1210 doctrinam”
1120 1141 1207 1208 hisce
1228 1140 1319 1212 libris
1342 1140 1540 1208 tractaverit.

467 1266 557 1360 Quod
585 1266 704 1331 attinet
725 1264 766 1332 ad
789 1263 920 1350 propria
948 1264 1028 1330 artis
1062 1269 1248 1350 praecepta:
1273 1263 1421 1330 universe
1449 1286 1542 1348 prae-

424 1394 517 1474 cepta
538 1388 595 1453 iila
617 1388 820 1465 communia,
845 1410 883 1452 cx
914 1409 1031 1473 graeco
1054 1387 1143 1454 fonte
1176 1388 1342 1466 derivata,
1372 1389 1540 1456 coufirmat

422 1535 481 1577 sua
504 1511 720 1588 auctoritate,
755 1509 803 1576 ita
834 1514 956 1587 tamen,
980 1513 1017 1576 ut
1049 1510 1180 1578 nimiam
1203 1511 1414 1600 ‚diligentiam
1435 1513 1469 1577 iu
1494 1513 1541 1577 di·

423 1634 598 1700 visionibus
623 1632 849 1699 minutioribus
872 1633 1051 1718 vituperet,
1075 1638 1112 1698 ut
1134 1634 1286 1717 quasdam
1310 1641 1416 1720 partes
1440 1637 1541 1724 magis

420 1757 644 1836 commendet,
682 1762 720 1821 ut
748 1757 882 1844 vulgata
914 1757 1071 1841 quaedam
1102 1761 1159 1822 aut
1188 1759 1331 1844 corrigat
1370 1763 1428 1824 aut
1466 1760 1537 1826 dili-

421 1881 551 1968 gentius
583 1879 738 1965 explicat,
774 1887 811 1945 ut
842 1879 928 1950 haud
950 1903 1053 1964 pauca
1074 1881 1113 1946 de
1136 1903 1193 1946 suo
1216 1882 1322 1950 addat.
1354 1881 1416 1948 Sed
1450 1883 1539 1962 haec,

420 2027 502 2090 quae
524 2025 622 2089 supra
645 2003 755 2088 paucis
777 2002 999 2080 indicavimus,
1022 2004 1124 2068 fusius
1147 2006 1294 2090 persequi
1317 2007 1420 2072 nostri
1443 2007 1537 2072 insti·

419 2129 484 2194 tuti
507 2150 571 2193 non
595 2131 654 2206 est,
677 2149 749 2194 cum
766 2128 876 2212 potius
903 2149 1061 2196 summam
1083 2128 1276 2194 seutentiam
1300 2127 1415 2196 horum
1438 2130 1538 2196 libro·

420 2275 493 2318 rum
534 2253 811 2320 commentandum
857 2252 1111 2336 susceperimus,
1157 2253 1226 2336 ipse
1263 2257 1374 2320 autem
1421 2251 1531 2319 Cicero

420 2399 502 2460 quae
542 2379 710 2460 praecepta
751 2375 813 2442 sibi
850 2374 987 2446 maxime
1032 2375 1230 2459 probentur,
1275 2377 1455 2448 accuratius
1500 2379 1533 2443 in
1669 2415 1670 2420 ι

420 2499 653 2566 Partitionibus
677 2499 834 2567 Oratoriis
857 2498 1049 2582 exposuerit,
1072 2498 1249 2572 doctrinam
1279 2522 1353 2569 vero
1381 2525 1472 2568 suam
1498 2504 1536 2570 dc

418 2624 609 2690 elocutionis
633 2621 816 2710 elegantia,
844 2623 883 2689 dc
911 2621 1053 2694 oratorio
1080 2645 1213 2690 numero
1240 2624 1535 2709 deque-verborum

418 2746 703 2832 comprehensione
718 2746 752 2814 iu
763 2745 847 2815 libro
860 2744 1019 2818 „efflator”
1032 2745 1130 2814 latius
1146 2747 1324 2832 explicarit.
1346 2750 1460 2818 Potius
1475 2752 1536 2839 igi.

416 2877 471 2938 tur
494 2874 660 2949 nummus,
683 2870 822 2955 quidde
844 2873 960 2942 sabura
983 2874 1016 2936 et
1039 2869 1181 2946 utilitate
1203 2873 1282 2940 artis
1304 2875 1449 2943 senserit.

461 2993 714 3079 Sapientissime,
730 2997 768 3064 ut
788 2993 925 3072 videtur,
940 2993 1025 3062 iuter
1042 3015 1106 3072 cos,
1122 2994 1178 3079 qui
1194 2995 1361 3072 rhetorum
1381 3022 1470 3066 more
1486 3000 1535 3066 di.

413 3117 504 3186 cendi
520 3117 584 3185 arti
596 3116 703 3186 omnia
715 3117 912 3195 tribuebant,
932 3138 1060 3200 eosque,
1077 3117 1133 3200 qui
1149 3118 1281 3188 eandem
1302 3128 1361 3194 aut
1383 3125 1534 3210 prodesse
1666 3169 1667 3176 ,

326 3245 328 3248 ’
414 3248 471 3308 sut
505 3242 635 3310 omnino
658 3264 726 3308 esse
749 3241 934 3327 negabant,
969 3243 1105 3311 mediam
1139 3245 1311 3328 quamdam
1338 3247 1423 3316 viam
1447 3249 1531 3320 iniit.

412 3366 587 3435 Revocavit
608 3366 775 3450 antiquam
798 3364 890 3434 illam
913 3387 1084 3450 veramque
1107 3366 1296 3436 divisionem
1316 3371 1401 3436 inter
1417 3379 1533 3456 τέχνας

411 3497 445 3557 at
467 3489 659 3578 ἐπιστήμας,
682 3511 779 3574 quam
801 3494 834 3558 et
852 3490 1056 3570 recentiores,
1073 3494 1106 3555 et
1122 3492 1225 3557 nostri
1237 3516 1363 3584 quoque
1383 3497 1532 3581 aequales

368 3613 370 3616 ’
410 3617 552 3683 studioso
573 3617 734 3693 retincut3
758 3617 877 3702 qnippe
900 3639 1036 3702 quorum
1054 3618 1176 3702 judicio
1199 3619 1286 3686 aliud
1308 3620 1351 3686 sit
1374 3620 1532 3708 scientia,

411 3742 500 3807 aliud
522 3747 572 3808 est
599 3763 662 3818 ars,
688 3780 727 3790 -
757 3762 829 3805 cum
861 3741 970 3806 Latini
999 3742 1165 3828 utriusque
1194 3743 1320 3831 generis
1343 3741 1530 3828 disciplinas

409 3866 573 3936 communi
597 3866 716 3932 artium
740 3866 868 3937 nomine
895 3866 1200 3950 comprehenderent
1223 3850 1528 3954 confunderentque.
1663 3933 1664 3936 ,

407 3989 564 4076 Largitur
586 4013 663 4079 ergo
686 3995 788 4056 artem
811 3990 948 4056 oratoris
971 4013 1038 4056 esse
1061 3990 1183 4061 nullam
1200 3993 1235 4060 si'
1248 3992 1309 4058 boc
1325 3993 1456 4066 nomine
1480 3996 1529 4066 iu·

409 4113 577 4202 telligatur
600 4114 770 4200 disciplina
794 4136 897 4199 »quae
908 4114 1047 4200 cognitis
1058 4115 1249 4201 penitusque
1261 4119 1437 4201 perspectis
1450 4125 1483 4190 et
1494 4121 1527 4185 in
1662 4167 1663 4172 ι

407 4259 507 4306 uuum
520 4238 641 4304 exitum
653 4237 872 4325 spectantibus
884 4242 917 4302 at
928 4259 1103 4321 numquam
1115 4238 1301 4310 tallautibur
1314 4241 1409 4311 rebus
1422 4246 1526 4310 conti·

407 4360 536 4427 netur.’'
551 4362 577 4450 1)
601 4362 669 4428 Nec
681 4361 809 4447 injuria.
822 4360 907 4426 Nam
919 4366 955 4427 ut
966 4360 1005 4427 de
1019 4361 1213 4449 eloquentia,
1233 4369 1380 4450 quaeest
1398 4366 1525 4440 dicendi
1661 4381 1662 4392 ¹

404 4469 590 4580 Ῑιῖοᾟι.
608 4503 629 4560 1.
649 4506 711 4562 roa.
