3366 5206
949 565 995 649 lt

412 785 603 878 positionem
628 789 977 880 conformationemque
1007 796 1106 879 atque
1139 791 1321 864 universam
1352 793 1533 886 doctrinam

415 917 531 983 horum
556 918 725 997 librorum,
749 919 890 984 nondum
913 920 991 985 satis
1014 919 1217 1004 exploratum
1236 943 1304 987 esse
1327 928 1417 1007 puto.

458 1041 665 1126 Aristotelem
687 1043 797 1128 magni
818 1043 958 1109 faciebat
980 1043 1101 1111 Cicero.
1124 1045 1293 1112 Platonem
1311 1053 1532 1133 autemsupra

414 1189 523 1233 omnes
546 1168 689 1233 omnium
708 1171 852 1234 aetatum
874 1167 1082 1253 philosophos
1102 1170 1226 1236 solebat
1248 1170 1412 1237 extollere.
1438 1171 1533 1237 Hunc

413 1293 505 1377 quasi
528 1293 687 1377 quendem
698 1293 791 1357 deum
804 1289 1068 1377 philosophorum
1083 1291 1118 1377 ¹),
1129 1293 1233 1358 virum
1250 1296 1471 1362 doctissimum
1483 1303 1532 1363 at·

415 1438 477 1502 que
499 1416 634 1482 cundem
656 1417 882 1502 gravissimum
905 1416 1170 1502 philosophorum
1193 1420 1387 1510 omnium²)‚
1406 1423 1533 1488 nonin·

416 1539 583 1626 belligendi
606 1538 722 1620 solum,
745 1540 800 1606 scd
822 1540 920 1606 etiam
943 1539 1067 1606 dicendi
1088 1541 1313 1628 gravissimum
1330 1547 1495 1610 auctorem
1507 1549 1532 1632 ³)

416 1669 448 1730 et
470 1664 664 1750 magistrum
687 1685 752 1729 non
773 1663 905 1751 linguae
929 1663 1043 1743 solum,
1067 1687 1178 1731 verum
1201 1667 1299 1732 etiam
1311 1668 1411 1732 animi
1423 1673 1456 1733 et
1468 1669 1533 1734 rir-

414 1789 495 1855 tutis
518 1788 709 1874 magistrum
733 1787 757 1872 ¹)
780 1787 974 1872 appellabat.
999 1788 1083 1864 Quid
1106 1791 1191 1874 quod
1214 1790 1279 1856 alio
1303 1793 1442 1877 quodam
1461 1791 1533 1857 loco

416 1935 477 1980 >ex
512 1911 592 1991 hoc,
625 1911 751 1995 inquit,
786 1910 931 1977 Platonis
965 1913 1058 1995 quasi
1096 1913 1234 1996 quodam
1268 1920 1381 1981 sancto
1415 1937 1534 2001 augus-

415 2045 513 2125 toque
532 2040 621 2105 fonte
644 2043 753 2104 nostra
776 2039 879 2104 omnis
902 2040 1047 2105 manabit
1069 2041 1212 2118 orati0”;
1241 2040 1268 2128 ⁶)
1303 2044 1401 2126 atquc
1435 2040 1533 2106 etiam

417 2203 458 2215 -
482 2165 572 2248 eujus
583 2164 630 2229 rei
653 2161 846 2228 Plutarchus
868 2167 979 2229 auctor
1002 2169 1051 2228 est
1073 2205 1115 2213 —
1139 2165 1243 2230 dicere
1265 2163 1389 2230 solebat
1407 2164 1534 2242 Jovem,

415 2289 444 2354 si
471 2288 592 2354 Graece
615 2287 742 2353 locutus
764 2291 858 2367 esset,
881 2287 1025 2354 Platonis
1048 2311 1193 2355 sermone
1215 2311 1348 2355 usurum
1369 2289 1467 2354 luisse
1495 2287 1532 2375 ⁶).

415 2411 490 2478 Non
514 2411 630 2476 mirum
651 2410 766 2496 igitur,
789 2411 876 2495 quod
896 2411 930 2476 in
955 2412 1065 2477 eadem
1088 2412 1240 2497 epistola,
1263 2413 1297 2477 in
1320 2435 1386 2498 qua
1406 2411 1534 2478 Aristo-

415 2537 526 2602 teliam
549 2541 582 2602 et
611 2534 798 2601 Isocratiam
829 2536 987 2602 rationem
1022 2537 1196 2603 oratoriam
1229 2559 1297 2602 sese
1331 2537 1533 2621 complexum

416 2683 484 2726 esso
511 2659 687 2746 signifieat,
719 2663 829 2743 aperte
856 2660 952 2725 edicit
983 2685 1034 2725 »aa
1056 2662 1219 2727 Platonem
1240 2661 1427 2728 veliementer
1450 2662 1535 2748 aequi

416 2783 601 2852 auctmeml’

460 2908 535 2975 Jam
558 2929 634 2974 vero
657 2907 728 2993 quis
750 2929 815 2973 non
839 2909 945 2988 ridet·
959 2931 1056 2995 quam
1076 2909 1179 2975 multa
1200 2910 1234 2974 in
1257 2909 1344 2976 hisee
1356 2908 1447 2975 libris
1460 2907 1534 2974 Pla·

415 3033 502 3099 tonis
524 3032 663 3119 dialogis
685 3033 751 3098 sint
773 3032 960 3099 simillima?
994 3033 1196 3099 Platonicum
1231 3039 1280 3099 est
1314 3055 1467 3119 personas
1501 3033 1534 3098 in

417 3177 543 3223 scenam
564 3155 714 3221 inducere
736 3156 777 3221 ab
798 3157 892 3222 initio
915 3178 1015 3241 usque
1039 3157 1080 3221 ad
1103 3158 1223 3224 exitum
1246 3158 1307 3223 sibi
1319 3157 1448 3244 egregie
1459 3179 1535 3223 con-

417 3284 558 3358 stantes;
582 3279 767 3345 Platonicae
790 3284 868 3345 sunt
892 3280 1004 3346 breves
1027 3280 1103 3346 illae
1127 3280 1326 3365 blandaeque
1348 3280 1536 3346 collocutio-

417 3425 474 3470 nes
498 3404 698 3490 longioribus
721 3404 996 3491 severioribusque
1018 3406 1217 3471 sermonibus
1228 3405 1435 3470 intermixtae
1452 3409 1537 3470 tam-

416 3550 513 3613 quam
536 3549 655 3613 pausae
678 3527 719 3591 ad
741 3528 1002 3613 requiescendum
1027 3530 1130 3595 datae.
1150 3529 1352 3596 Platonicum
1381 3533 1443 3611 est,
1466 3551 1533 3608 eos,

417 3652 473 3737 qui
497 3651 617 3737 primas
639 3653 746 3734 partes
769 3654 882 3738 agunt,
894 3653 1065 3719 manifesto
1076 3653 1175 3738 ipsius
1187 3651 1352 3739 scriptoris
1368 3653 1452 3718 tueri
1464 3675 1535 3717 sen-

417 3849 577 3862 ..ῃ-α

453 3972 482 4037 l)
500 3969 533 4026 de
552 3968 613 4026 Nat.
632 3969 664 4027 D.
683 3969 716 4026 ll.
735 3973 779 4026 12.
798 3975 842 4026 32.

395 4093 399 4100 ·
453 4060 482 4126 2)
499 4061 533 4114 de
550 4059 614 4130 Lag.
634 4060 666 4114 ll.
684 4064 709 4115 6.
728 4063 771 4114 ll.

453 4145 481 4216 3)
499 4145 603 4201 Orator.
622 4150 648 4202 3.
668 4149 711 4202 10.

454 4233 481 4304 4)
498 4236 532 4291 de
550 4234 624 4291 Orat.
641 4235 684 4291 lll.
703 4253 726 4290 o.
745 4237 787 4289 34.
807 4235 821 4300 ξ
839 4236 902 4290 139.

453 4321 481 4392 5)
499 4323 578 4380 Tuae.
598 4324 630 4379 V.
649 4325 662 4390 ἓ
680 4327 724 4378 ti.

453 4409 481 4492 6)
499 4412 635 4470 Plutarch.
654 4414 700 4469 rit.
719 4411 775 4470 cio.
794 4430 816 4475 o·
836 4419 879 4477 24.
