3404 5198
925 575 966 646 28

385 791 491 861 Crassi
514 798 570 860 aul
593 791 725 859 alterius
746 789 876 857 nomine
898 790 1089 855 inveniatur.
1121 789 1254 856 Crassus
1283 791 1316 854 eb
1339 787 1507 857 Antonius

385 923 418 986 el
440 918 537 984 celeri
560 939 698 1002 quoque,
720 917 777 1000 qui
793 915 994 981 sermonibus
1012 915 1175 979 intersunt
1194 914 1325 979 omnino
1345 915 1505 980 eruditius

385 1046 483 1126 abque
505 1042 650 1107 ornatius
674 1041 758 1105 inber
785 1061 818 1104 se
843 1038 1081 1123 colloquuntur,
1105 1059 1202 1122 quum
1226 1042 1262 1101 nb
1294 1039 1506 1123 temporibus,

386 1166 502 1253 quibus
536 1165 706 1241 florebant,
737 1163 1011 1228 accommodatum
1045 1162 1201 1227 videnlur.
1237 1162 1394 1239 Quorsum
1425 1162 1508 1228 haee

386 1290 520 1357 omnia?
544 1289 601 1365 Ur,
624 1289 739 1373 sijum
763 1291 849 1352 cerlo
872 1291 1006 1364 constet,
1031 1288 1187 1372 genuinos
1211 1286 1346 1351 Antonii
1359 1284 1507 1351 Crassive

386 1437 547 1482 sermones
572 1436 634 1479 non
659 1435 736 1490 esse,
756 1412 811 1496 qui
835 1411 921 1476 hisce
933 1411 1023 1475 libris
1036 1411 1252 1485 continentur,
1268 1409 1507 1489 concludamus,

387 1562 491 1625 neque
509 1538 650 1604 studium
665 1559 773 1602 eorum
785 1536 923 1622 gloriam
935 1535 1107 1599 renovandi
1121 1535 1198 1600 satis
1210 1536 1359 1602 idoneam
1377 1558 1507 1602 causam

386 1663 498 1742 fuisse,
523 1685 579 1727 cur
602 1660 712 1727 Cicero
736 1663 865 1724 lantum
889 1680 967 1743 opus
990 1659 1024 1723 in
1045 1681 1080 1723 se
1102 1660 1285 1743 susciperet.
1311 1661 1403 1737 Quod
1426 1663 1507 1726 scri·

386 1787 437 1852 bic
458 1786 561 1874 igilur
585 1784 694 1850 Cicero
720 1782 813 1848 initio
837 1782 879 1846 Ili
902 1781 994 1860 libri,
1019 1782 1158 1848 libenter
1181 1807 1215 1850 se
1238 1785 1349 1850 fecisse
1372 1789 1408 1849 ul
1432 1808 1507 1850 eum

387 1932 575 1987 sermonem,
599 1931 694 1993 quern
716 1907 765 1972 illi
789 1906 951 1990 quondam
973 1907 1058 1971 inber
1082 1907 1327 1986 sehabuissenb,
1341 1910 1509 1974 mandaret

387 2035 519 2113 liberie,
542 2034 615 2099 »vel
638 2032 754 2097 utillo
777 2031 897 2114 opinio,
919 2030 1036 2114 inquil,
1060 2053 1143 2115 quae
1166 2053 1290 2118 semper
1310 2034 1422 2098 fuisset
1441 2032 1508 2099 icl-

387 2159 527 2236 lerebur,
549 2158 686 2223 alterum
710 2177 773 2220 non
799 2154 1039 2233 doctissimum,
1061 2154 1199 2220 alterum
1223 2157 1317 2242 plane
1339 2158 1507 2223 indoclum

389 2283 504 2359 fuisse,
526 2281 576 2346 vel
598 2285 635 2345 ul
657 2303 694 2346 ea
717 2301 799 2364 quae
822 2279 1036 2344 exislimarem
1060 2303 1079 2346 a
1101 2282 1234 2346 summis
1258 2283 1438 2348 oratoribus
1466 2283 1507 2346 de

344 2397 347 2404 ⁴
389 2407 572 2492 eloquentia
594 2405 747 2470 divinitus
770 2427 837 2468 esse
861 2404 968 2482 dicba,
996 2403 1192 2469 custodirem
1215 2404 1355 2483 litteris,
1387 2405 1414 2469 ri
1439 2404 1508 2469 ullo

390 2532 484 2598 modo
508 2530 634 2614 assequi
658 2528 891 2613 complectique
914 2528 1107 2612 potuissem
1134 2528 1184 2594 vel
1207 2529 1387 2595 mehercule
1410 2529 1509 2594 eiiam

390 2662 428 2721 ut
450 2643 576 2720 laudem
599 2676 707 2718 eorum
728 2652 796 2733 jam
819 2673 919 2737 prope
944 2658 1171 2732 senescentem,
1188 2658 1346 2738 quantum
1362 2675 1422 2739 ego
1435 2674 1511 2736 pos-

392 2802 458 2845 sem
482 2780 522 2843 ab
545 2777 706 2843 oblivione
729 2774 896 2841 hominum
918 2780 1016 2860 abque
1034 2800 1054 2864 a
1076 2777 1204 2842 silentio
1221 2777 1452 2854 vindicarem”;
1469 2815 1509 2827 -—

391 2904 554 2969 verissime
577 2924 614 2967 ec
637 2902 707 2966 loco
730 2900 851 2985 aperit,
880 2923 959 2986 quas
987 2901 1029 2965 ob
1056 2923 1167 2966 causas
1190 2924 1316 2967 onmem
1338 2902 1423 2966 hanc
1445 2901 1511 2966 dis·

392 3027 591 3113 putationem
614 3024 747 3090 summis
768 3023 833 3088 illis
856 3025 1038 3091 oratoribus
1061 3026 1222 3092 tribuerit.
1258 3026 1411 3112 Magnam
1435 3047 1511 3110 pro-

392 3153 475 3217 fecto
506 3150 728 3215 auctoritatem
752 3152 784 3214 el
806 3147 908 3214 veluti
931 3149 1137 3215 sanctilatem
1160 3150 1268 3215 eximii
1290 3150 1340 3215 illi
1365 3149 1424 3215 viri
1448 3151 1511 3214 coti

392 3276 481 3360 operi
504 3274 690 3340 conciliant:
714 3272 825 3338 laudes
849 3294 992 3357 quoque,
1016 3295 1096 3358 quas
1120 3279 1154 3338 eb
1176 3274 1209 3338 in
1233 3273 1374 3359 prologis
1397 3273 1510 3339 Cicero

392 3404 426 3466 eb
446 3399 480 3492 in
504 3397 704 3463 sermonibus
720 3396 781 3480 ipsi
800 3395 881 3460 aller
897 3396 935 3460 de
956 3396 1059 3462 altero
1083 3398 1279 3481 praedicans,
1305 3420 1391 3463 —ac
1415 3420 1510 3483 prae·

393 3524 502 3588 sertim
527 3545 637 3587 eorum
660 3519 861 3604 eloquentiae
884 3521 1032 3605 egregrie
1049 3521 1232 3605 specimina,
1245 3544 1327 3606 quae
1339 3524 1512 3608 proferun-

393 3653 466 3727 tur,
494 3669 604 3711 revera
629 3644 806 3709 Antonium
835 3646 867 3707 et
891 3641 1039 3708 Crassum
1062 3644 1096 3708 in
1119 3648 1308 3729 perpetuum
1332 3645 1512 3711 liberarunt

393 3772 555 3838 oblivione
585 3776 681 3854 abque
704 3767 949 3833 immortalitate
976 3769 1145 3833 donarunt.
1174 3768 1235 3834 Sed
1258 3789 1322 3833 non
1345 3768 1427 3834 illud
1450 3768 1513 3834 fuir

393 3896 497 3980 ipsum
523 3893 617 3978 hujus
640 3892 743 3975 operis
773 3891 930 3955 scribendi
959 3895 1157 3975 propositum
1188 3897 1221 3956 el
1249 3892 1341 3976 quasi
1371 3891 1510 3968 σκοπός;

395 4041 459 4084 non
489 4017 571 4082 illud
603 4016 666 4080 fuir
700 4014 787 4099 quod
813 4014 847 4077 in
875 4014 986 4098 primis
1014 4020 1172 4099 speclaret
1203 4014 1334 4081 Cicero:
1368 4016 1454 4100 quod
1484 4014 1512 4078 si

396 4141 556 4217 voluisset,
581 4161 684 4223 neque
708 4138 868 4203 orationes
893 4142 962 4202 bum
986 4137 1115 4226 longas,
1139 4161 1243 4224 neque
1265 4139 1357 4203 fiebas
1381 4138 1511 4203 omnino

395 4265 567 4331 effudisset.
592 4264 710 4327 Parum
733 4262 816 4326 enim
841 4262 1071 4328 commenticiis
1094 4261 1161 4328 illis
1184 4263 1397 4341 sermonibus,
1415 4301 1455 4312 -
1479 4262 1514 4327 id

395 4389 481 4474 quod
502 4387 653 4475 aequales
676 4386 778 4453 latere
801 4407 866 4450 non
885 4386 994 4476 potuit
1008 4424 1048 4436 -
1069 4387 1193 4460 consuli
1211 4389 1319 4482 poluit
1341 4386 1513 4464 memoriae
