3404 5198
728 599 768 668 11

189 813 327 881 referam
351 815 542 896 litterarum,
562 817 647 901 quod
671 817 814 903 proferto
830 817 963 897 faciam,
987 817 1014 882 si
1037 814 1117 882 mibi
1140 837 1198 900 per
1222 813 1307 900 ejus·

187 940 259 1005 dem
282 941 454 1008 amicitiam
473 942 617 1007 licebit.''
631 943 655 1029 ¹)
678 943 784 1008 Licuit
807 947 913 1007 autem
926 966 984 1027 per
1000 941 1198 1026 Pompcjum.
1222 939 1305 1004 Sane

186 1063 313 1130 Pisonis
336 1065 535 1143 calumniae,
558 1066 684 1132 Caninii
706 1066 792 1131 Galli
814 1089 929 1144 causa,
952 1067 1019 1131 ludi
1042 1065 1179 1149 denique
1209 1065 1305 1130 Pom-

186 1189 293 1274 pcjani
319 1213 357 1256 ac
380 1190 509 1256 Milonis
532 1191 663 1276 nuptiae
698 1213 770 1256 eum
805 1191 950 1274 quamvis
974 1191 1112 1281 invitum
1134 1190 1304 1274 aliquoties

187 1314 228 1378 ed
250 1337 367 1399 paucos
400 1315 466 1380 dies
493 1315 629 1381 Romam
653 1318 841 1381 evocarunt:
866 1315 1025 1398 reliquum
1059 1315 1136 1380 anui
1166 1318 1328 1399 tempus.

186 1441 224 1508 ut
248 1438 401 1524 epistolae
430 1439 629 1524 significant,
655 1437 782 1516 Cumis,
807 1438 960 1518 Puteolis,
985 1438 1116 1504 Tusculi
1147 1436 1304 1525 transegit

187 1567 246 1627 »ut
268 1561 411 1628 desertus
434 1586 454 1629 a
475 1564 588 1628 ceteris
610 1563 878 1629 oblectationibus
894 1562 1158 1647 etvoluptatibus
1171 1566 1302 1647 propter

185 1686 440 1770 rempublicam,
455 1687 501 1752 ita
512 1687 629 1752 litteris
638 1690 836 1753 sustentatus
847 1691 879 1752 et
894 1689 1074 1753 recreatus'’
1089 1685 1113 1771 ²)
1126 1686 1235 1770 Atque
1243 1685 1304 1750 boc

186 1809 252 1874 otio
267 1810 342 1875 dum
352 1811 527 1889 fruebatur,
536 1811 674 1896 primum
694 1812 892 1877 immortales
907 1811 981 1876 illos
992 1810 1091 1875 libros
1104 1809 1302 1876 conscribere

184 1935 299 2019 coepit,
321 1935 438 2020 quibus
461 1936 615 2020 quidquid
627 1937 814 2002 eruditionis
834 1936 1060 2020 doctrinaeque
1072 1935 1211 2000 habebat
1226 1956 1301 2018 pos·

183 2059 308 2123 taritati
331 2060 502 2126 mandavit.
527 2059 612 2125 Nam
635 2061 662 2124 si
685 2061 931 2126 commentarios
954 2060 1013 2124 ›dc
1026 2059 1235 2125 lnveubond'
1248 2081 1303 2123 ex·

183 2183 339 2267 cipimus,
362 2185 439 2268 qui,
464 2207 535 2249 cum
560 2184 798 2250 adolescentulo
821 2184 870 2249 illi
892 2184 1044 2250 inchoata
1071 2207 1109 2249 ac
1133 2185 1224 2248 rudia
1247 2207 1302 2248 ex-

183 2305 334 2386 ciderint,
358 2308 391 2372 in
415 2307 476 2374 hac
498 2310 578 2375 serie
602 2309 764 2374 numerari
787 2332 851 2374 non
877 2309 1015 2386 debent,
1038 2308 1246 2393 »Disputatio
1264 2331 1301 2373 ac

182 2428 339 2518 Dialogus
366 2433 405 2497 de
427 2432 584 2500 Oratorc''
598 2433 634 2514 ¹³)
658 2457 722 2499 non
745 2434 839 2499 modo
862 2432 1058 2517 praestantia
1084 2432 1247 2498 doctrinae
1269 2436 1302 2497 et

182 2554 343 2642 elegantia
366 2559 522 2624 sermonis
552 2560 606 2624 sed
637 2559 734 2624 etiam
765 2555 917 2642 temporis
940 2556 1066 2621 ratione
1089 2555 1227 2640 primum
1251 2555 1300 2620 lo·

181 2701 253 2744 cum
277 2679 304 2766 ⁸)
336 2680 460 2747 obtinet
488 2682 522 2747 in
548 2683 629 2748 serie
666 2681 795 2748 illorum
828 2681 1007 2758 librorum,
1038 2702 1119 2765 quos
1156 2703 1301 2745 summus

179 2801 398 2869 Romanorum
430 2809 539 2870 orator
568 2810 733 2891 tamquam
767 2805 869 2870 laetos
895 2803 1017 2890 ingenii
1052 2805 1173 2869 fructus
1212 2826 1300 2870 conr·

178 2927 267 2991 muni
290 2927 424 2994 utilitati
442 2930 569 2996 dicavit.
595 2931 675 2995 Mihi
694 2931 820 3016 quidem
837 2935 924 2996 certe
936 2929 1118 3013 scriptionis
1129 2928 1297 2993 eonsilium

177 3051 340 3118 verissime
362 3053 402 3118 iis
425 3055 529 3120 verbis
554 3055 729 3142 significari
752 3055 982 3138 videtur,quae
1002 3053 1105 3118 multo
1128 3058 1239 3136 postea
1262 3054 1295 3117 iu

176 3176 334 3262 principio
359 3175 400 3242 IIi
422 3178 461 3244 de
486 3160 689 3245 Divinatione
711 3179 786 3244 libri
801 3179 892 3244 dixit.
917 3178 967 3244 lbi
989 3178 1089 3256 enim,
1112 3200 1211 3262 quum
1224 3178 1294 3261 jam

177 3389 337 3398 *—

212 3532 320 3584 1.fam
339 3533 356 3585 l
376 3533 395 3586 1.
416 3551 459 3604 ep.
479 3534 562 3588 83
518 3533 570 3601 §3

211 3619 863 3690 aadstalv.so.ef.ib.13,am.vll.1.

212 3528 239 3597 1)

211 3621 239 3684 1)

210 3707 372 3774 3.)adfam
392 3712 410 3766 l.
430 3711 449 3764 l.
468 3729 510 3781 ep.
531 3715 555 3774 9.
577 3713 655 3780 §93

210 3796 366 3861 4)Conatat
378 3801 450 3852 cuim
464 3818 498 3854 ex
516 3803 644 3870 epistolis,
663 3795 730 3872 quas
745 3806 804 3872 jam
823 3817 908 3875 supra
927 3807 1073 3871 attulimus,
1084 3806 1166 3857 libros
1184 3803 1218 3856 de
1229 3802 1296 3855 Ora·

172 3888 230 3938 tore
242 3887 355 3955 scriptos
372 3905 430 3941 esse
449 3888 545 3942 Crasso
563 3895 590 3943 et
607 3889 735 3960 Pompcjo
756 3891 778 3944 ll
799 3893 853 3948 cos.
866 3923 899 3932 —
919 3893 995 3957 Quod
1015 3896 1037 3947 si
1054 3896 1114 3963 quis
1136 3895 1203 3946 scire
1221 3892 1295 3961 cupit

173 3991 226 4043 quo
244 3992 336 4029 mense
357 3977 456 4030 luerint
474 3978 601 4032 absoluti:
620 3981 745 4049 inspiciat
766 3983 800 4034 ad
820 3983 873 4036 Att.
893 3985 910 4036 l.
929 3983 973 4037 lV.
993 3985 1027 4037 13
1055 3985 1096 4047 (a0
1111 3985 1145 4034 55
1164 3999 1181 4034 a
1200 3980 1229 4033 0.
1251 3982 1289 4044 n)

175 4061 246 4117 »Nos
264 4065 292 4117 in
320 4065 502 4120 Tusculanum
521 4070 625 4122 venisse
642 4086 666 4121 a.
684 4071 709 4122 d.
728 4070 801 4124 XVll
820 4071 880 4125 Kal.
901 4072 962 4126 Dec.
987 4073 1064 4126 video
1091 4075 1117 4124 te
1143 4071 1211 4122 scire
1223 4106 1294 4122 .....

173 4150 274 4206 Romae
292 4171 316 4206 a.
336 4155 361 4208 d.
382 4155 443 4208 Xlll
469 4156 606 4211 Kalendas
629 4159 751 4211 volumus
774 4176 840 4214 essa.
869 4161 939 4224 Quid
961 4162 1021 4215 dico
1039 4162 1181 4214 volumus?
1212 4155 1295 4211 lmmo

172 4257 236 4294 vcro
254 4243 382 4311 cogimur.
414 4243 521 4298 Milonis
540 4248 664 4315 nuptiae,
683 4249 850 4302 comitiorum
868 4251 998 4303 nonnulla
1016 4250 1107 4319 opinio
1125 4252 1165 4302 est
1171 4287 1234 4302 .....
1253 4245 1293 4300 De

171 4328 246 4383 libris
264 4333 386 4385 oratoriis
403 4332 503 4386 fectum
523 4338 564 4388 est
581 4352 598 4389 a
616 4352 659 4390 me
678 4336 827 4408 diligenter.
856 4337 908 4392 Diu
927 4339 1092 4410 multumque
1119 4339 1148 4390 in
1170 4334 1295 4390 manibus

170 4417 292 4486 fuerunt3
311 4419 446 4476 descmbas
464 4422 552 4476 licet.’'
