3404 5198
708 507 749 610 ta

169 749 279 816 fratris
302 749 398 829 filius,
423 770 504 832 quos
532 749 604 832 pari
628 747 881 833 amplectebatur
904 771 1021 836 amors,
1045 751 1085 817 ad
1108 774 1177 822 earn
1196 739 1284 819 aetd-

173 880 240 940 tem
263 878 486 959 per-venerant,
508 877 546 940 ut
568 895 644 942 mox
659 872 782 940 dicendi
800 874 978 959 praeceptis
990 879 1096 940 essent
1111 876 1287 942 imbuendi:

176 998 259 1062 alter
283 997 458 1075 decimum,
480 996 564 1064 alter
587 997 789 1063 undecimum
809 998 925 1064 aetatis
947 1021 1065 1066 anuum
1090 997 1217 1084 agebat.
1240 998 1289 1066 Ea

175 1126 285 1187 autem
308 1125 379 1186 erat
400 1120 465 1186 illis
488 1121 686 1206 temporibus
708 1120 870 1188 institutio
890 1144 1061 1206 puerorum
1084 1125 1138 1198 ut,
1165 1121 1287 1186 sivein

177 1246 273 1310 domo
295 1249 430 1329 paterna
452 1243 624 1322 discerent,
649 1247 685 1308 ut
709 1241 892 1325 Cicerones,
916 1245 982 1310 sive
1005 1245 1045 1310 ad
1066 1245 1211 1330 publicos
1233 1247 1288 1311 lit-

175 1373 316 1434 terarum
342 1368 432 1434 ludos
456 1368 674 1447 mitterentur,
697 1390 717 1431 a
732 1369 868 1452 septimo
887 1370 954 1434 fers
972 1369 1089 1434 aetatis
1104 1391 1188 1435 anno
1204 1371 1288 1455 apud

172 1492 386 1559 litteratorem
410 1494 477 1558 sive
502 1493 748 1581 γραμματιστήν
769 1492 895 1578 legendi
919 1493 1076 1558 scribendi
1101 1495 1289 1560 numerandi

169 1618 332 1682 elementa
347 1616 520 1694 discerent3
544 1617 797 1702 consequebatur
815 1617 900 1701 apud
920 1619 1164 1703 grammaticum
1176 1625 1288 1704 poeta·
1321 1603 1324 1606 ¹

171 1763 243 1804 rum
257 1741 477 1824 pertractatio,
489 1741 697 1810 historiarum
708 1741 863 1826 cognitio,
875 1742 1041 1807 verborum
1054 1742 1288 1826 interpretatio,

170 1837 227 1929 seu
241 1865 382 1930 studium
402 1887 511 1930 earum
531 1865 665 1943 artium,
691 1888 773 1949 quae
792 1870 937 1949 repertae
957 1870 1043 1944 sunt,
1061 1869 1097 1930 ut
1116 1888 1287 1951 puerorum

170 1995 294 2056 mentes
307 1992 346 2055 ad
360 1991 593 2058 humanitatem
607 1991 805 2078 fingerentur
815 1994 913 2074 atque
926 1990 1089 2058 virtutem.
1105 1990 1131 2076 1)
1142 1990 1221 2055 Post
1233 2013 1287 2056 ex-

169 2115 290 2200 pletam
300 2119 422 2180 mentes
434 2105 574 2182 ad'illam
586 2112 750 2196 ἐγκύκλιον
763 2117 1079 2198 norisium—neque
1092 2115 1177 2178 enim
1189 2115 1285 2180 latius

168 2239 227 2306 ille
238 2240 326 2304 orbis
341 2239 486 2323 patebat,
505 2278 538 2286 -
558 2238 581 2302 ii
592 2242 719 2304 tantum
737 2238 793 2321 qui
812 2239 953 2305 forenses
966 2237 1075 2301 laudes
1091 2240 1285 2324 appetebant

166 2387 226 2450 por
237 2365 361 2448 aliquot
373 2386 473 2428 annos
485 2363 526 2427 ad
538 2363 701 2428 rhetorem
714 2362 930 2427 ventitabant:
945 2364 982 2425 ut
992 2361 1065 2426 finis
1081 2364 1182 2428 totius
1205 2364 1284 2428 insti

167 2489 304 2556 tutionis
316 2488 382 2552 fere
397 2491 475 2552 tunc
488 2491 571 2551 essct
585 2488 713 2571 quando
730 2490 807 2571 toga
827 2485 928 2551 virilis
946 2487 1142 2566 sumebatur,
1155 2488 1188 2552 id
1199 2489 1283 2573 quod

166 2614 267 2678 fiebat
300 2611 378 2678 olim
407 2613 473 2679 fero
504 2611 625 2676 decimo
656 2609 793 2694 septimo
821 2630 906 2672 auno
930 2610 1099 2694 completo.
1135 2613 1184 2678 Ea
1207 2636 1282 2680 vero
1326 2675 1330 2680 .

162 2741 273 2802 aetate
297 2735 465 2820 Virgilius,
489 2757 561 2799 cum
584 2739 678 2802 natus
701 2739 785 2799 esset
807 2735 960 2820 Porupejo
985 2740 1017 2800 et
1042 2735 1282 2803 Crassoconsu-

164 2863 262 2940 libus,
286 2861 398 2925 iisdem
422 2861 539 2924 iterum
569 2863 642 2944 post
665 2879 710 2922 xv
739 2881 839 2922 annos
865 2859 1060 2938 consulibus,
1083 2861 1149 2925 sive
1172 2863 1281 2928 eodem

161 3008 249 3051 auno
284 3007 349 3068 quo
383 2983 458 3047 libri
490 2985 549 3047 »de
572 2982 727 3049 Oratore''
757 2983 868 3067 scripti
897 2987 974 3047 sunt
1004 2983 1126 3048 bullam
1149 3007 1280 3051 auream

161 3112 268 3176 fertur
294 3108 486 3192 deposuisse.
519 3107 654 3191 Sumpta
683 3112 791 3172 autem
815 3111 891 3192 toga
921 3105 1005 3172 virili
1029 3108 1279 3176 »adolescentuli

159 3236 273 3301 statim
295 3273 334 3282 —-
357 3239 393 3298 ut
417 3233 514 3300 Plinii
539 3233 670 3298 minoris
693 3232 798 3296 verbis
821 3236 894 3296 utar
919 3269 959 3279 —
983 3233 1197 3298 castrensibus
1220 3234 1278 3299 sti·

165 3360 290 3445 pendiis
313 3358 551 3435 imbuebantur,
575 3363 611 3422 ut
632 3358 788 3440 imperare
808 3356 958 3439 parendo,
979 3357 1072 3423 duces
1088 3379 1182 3444 agero
1202 3359 1277 3424 dunr

162 3489 343 3570 sequuntur
375 3486 602 3548 assuescerent.
638 3481 716 3546 lnde
751 3481 888 3546 honores
918 3481 1051 3565 petituri
1081 3483 1278 3550 adsistebant
1407 3555 1410 3562 ,

160 3609 271 3674 curiae
295 3608 417 3672 foribus
438 3613 471 3671 et
495 3607 619 3673 consilii
642 3606 762 3689 publici
785 3610 979 3689 spectatores
1005 3611 1178 3690 autequam
1201 3631 1278 3674 con·

160 3737 264 3798 sortes
288 3733 410 3798 erant.'’
436 3733 461 3814 2)
488 3732 587 3796 Pauci
614 3731 783 3797 admodum
809 3734 900 3795 erant
922 3731 956 3810 ii,
980 3732 1036 3815 qui
1063 3755 1096 3797 se
1118 3732 1276 3798 excelleu-

157 3856 286 3925 tissimo
301 3856 430 3923 cuidam
450 3856 570 3923 oratori
589 3858 647 3920 aut
667 3851 854 3938 jurisperito
874 3855 1036 3921 traderent
1056 3861 1114 3922 aut
1131 3857 1275 3942 philoso-

159 3979 253 4063 phiae
274 3979 438 4045 discendae
462 3995 557 4044 causa
581 3979 725 4046 Athenas
749 4001 782 4044 se
804 3980 992 4044 conterrent.

157 4159 318 4170 ——v-——u—

194 4281 221 4352 l)
239 4283 279 4338 De
297 4283 342 4339 Or.
362 4285 381 4338 l.
400 4289 461 4342 187.
480 4288 523 4343 111.
543 4290 556 4354 ἓ
574 4292 617 4343 58.

194 4378 223 4448 b)
241 4378 289 4463 Ep.
304 4380 322 4434 l.
343 4381 410 4438 Vlll.
428 4384 471 4437 tt.
492 4384 516 4446 t.
