3404 5198
961 583 1004 648 36

425 798 548 875 orati03
584 799 719 883 denique
747 801 783 861 ut
806 797 1018 880 prudentibus
1040 795 1174 875 diserte,
1206 793 1315 860 stultis
1346 791 1443 859 etiam
1469 812 1545 858 vere

427 924 530 989 dicere
553 921 719 990 videaris'’.

470 1047 521 1112 Ad
556 1047 634 1110 haec
668 1045 801 1111 Crassus
834 1045 1098 1129 disceptationem
1133 1043 1297 1129 aliquam,
1332 1065 1428 1126 quam
1463 1039 1545 1105 olim

427 1171 563 1236 Athenis
588 1170 647 1234 hae
670 1170 708 1234 de
730 1191 765 1234 re
788 1169 913 1248 habuit,
936 1170 1045 1248 refert,
1067 1173 1100 1235 et
1123 1173 1236 1254 sponte
1258 1167 1389 1245 latetur,
1409 1187 1474 1230 non
1487 1164 1544 1229 de·

425 1316 493 1359 esse
514 1281 599 1358 inter
622 1293 760 1358 Graecos
773 1294 867 1377 hujus
879 1294 1057 1358 sententiae
1069 1299 1238 1380 patronos:
1259 1291 1436 1376 quinimmo
1450 1310 1544 1372 posse

426 1417 477 1482 vel
499 1417 604 1502 ipsum
627 1417 795 1483 Platonem
819 1422 984 1502 tamquam
1008 1422 1171 1482 auctorem
1194 1416 1285 1482 citari
1305 1413 1393 1478 illins
1412 1416 1543 1478 senten-

426 1542 509 1618 tiae,
533 1545 678 1606 oratores
709 1564 780 1606 cum
804 1565 823 1605 a
845 1542 1071 1629 gubernaculis
1102 1542 1269 1606 civitatum
1297 1542 1366 1604 tum
1390 1536 1432 1602 ab
1455 1535 1544 1600 omni

431 1666 575 1730 doctrina
598 1687 667 1730 esse
702 1665 915 1750 repellendos:
946 1665 1024 1730 satis
1058 1687 1126 1731 esse
1160 1665 1299 1752 Gorgiae
1332 1661 1453 1748 dialogi
1487 1660 1544 1724 ad-

428 1811 566 1854 monere.
581 1829 621 1837 -
636 1789 722 1864 Quae
745 1794 853 1854 tamen
876 1790 1046 1867 sententia,
1069 1811 1141 1854 cum
1164 1792 1235 1854 tota
1257 1787 1290 1851 in
1313 1786 1375 1851 hoc
1391 1785 1434 1849 sit
1457 1784 1543 1869 qnod

429 1919 527 1999 neget
551 1914 591 1977 ad
615 1919 773 1978 oratorem
797 1919 904 1978 rerum
926 1913 1091 1978 scientiam
1114 1915 1285 1998 pertinere,
1309 1911 1348 1975 iis
1370 1909 1449 1994 ipsis
1461 1931 1544 1992 quae

428 2039 626 2100 concesserat
662 2035 835 2112 Scaevola,
871 2035 963 2101 facile
991 2036 1185 2101 contutatur.
1221 2035 1422 2100 Concedebat
1448 2031 1541 2098 Scae-

430 2157 512 2236 vola,
537 2164 695 2224 oratorem
720 2159 847 2244 copiose
869 2158 958 2244 loqui
981 2159 1066 2244 apud
1093 2159 1247 2244 populum
1278 2163 1311 2225 et
1339 2160 1372 2224 in
1403 2159 1543 2235 Senatu;

429 2283 598 2367 respondet
610 2284 712 2370 igitur
722 2283 865 2362 Crassus,
884 2306 957 2348 oum
969 2305 1144 2367 numquam
1160 2283 1221 2348 hoc
1236 2306 1328 2369 posse
1340 2283 1409 2349 sine
1424 2282 1543 2370 legum,

429 2407 537 2486 moris,
557 2407 638 2492 juris
663 2408 813 2484 scientia;
837 2430 939 2493 neque
965 2412 1082 2473 natura
1110 2407 1277 2473 hominum
1307 2409 1472 2494 incognita
1506 2428 1544 2472 ac

429 2533 581 2596 moribus.
616 2533 747 2608 Quaerit
775 2533 896 2609 etiam,
931 2532 1008 2616 quid
1038 2532 1067 2597 ei
1090 2533 1146 2617 qui
1169 2532 1249 2600 haec
1271 2539 1398 2614 teneat,
1433 2533 1543 2598 abesse

429 2656 531 2739 possit
551 2657 590 2719 de
607 2655 747 2720 omnium
764 2678 870 2721 rerum
892 2656 1033 2721 scientia.
1047 2657 1097 2721 Ex
1110 2679 1147 2722 eo
1159 2661 1267 2723 autem
1283 2659 1370 2743 quod
1384 2656 1544 2743 largieba-

430 2785 484 2843 tur
497 2780 631 2858 Muoius,
644 2780 779 2845 eundem
792 2780 908 2844 diserte
919 2779 1024 2865 loqui:
1041 2804 1117 2868 ergo
1130 2782 1225 2850 etiam
1237 2806 1275 2848 ea
1287 2783 1454 2868 dequibus
1466 2780 1544 2872 dicit

431 2907 540 2968 orator
556 2907 664 2968 teneat
681 2925 806 2969 necesse
823 2908 881 2967 est.
907 2902 1061 2968 »Dicendi
1082 2904 1166 2969 enim
1182 2905 1296 2985 virtus,
1307 2906 1426 2991 inquit,
1441 2904 1503 2970 nisi
1516 2904 1544 2969 ei

431 3026 485 3109 qui
498 3027 581 3091 dicet
596 3049 644 3104 ea,
661 3027 826 3111 dequibus
839 3027 925 3104 dicit,
937 3031 1088 3111 percepta
1100 3028 1175 3108 sint,
1187 3033 1312 3095 exstare
1327 3051 1390 3094 non
1403 3027 1542 3114 potest.''

432 3153 540 3233 Atque
581 3149 824 3227 Democritum,
865 3149 1055 3230 Platonem,
1082 3151 1314 3232 Aristotelem,
1348 3153 1543 3219 Carneadem

430 3278 659 3339 commemorat
682 3274 748 3358 qui,
772 3296 842 3338 cum
868 3279 974 3339 essent
998 3274 1192 3360 philosophi,
1209 3276 1543 3362 eloquentissimedis-

430 3402 596 3482 putarunt.
620 3398 704 3473 Quos
728 3397 861 3463 Crassus
886 3404 991 3462 tamen
1005 3399 1075 3463 ideo
1090 3399 1251 3482 praeclare
1264 3401 1380 3465 dixisse
1390 3400 1447 3478 ait,
1459 3399 1543 3484 quod

430 3525 558 3604 praeter
581 3543 639 3584 sua
661 3521 766 3584 studia
790 3520 887 3584 etiam
912 3543 949 3585 ea
973 3525 1136 3600 tenerent,
1166 3545 1249 3606 quae
1277 3526 1383 3587 essent
1414 3522 1544 3606 propria

430 3644 583 3720 oratoris3
598 3666 660 3708 non
672 3645 754 3722 ideo,
773 3645 858 3728 qood
870 3651 975 3710 essent
988 3645 1063 3710 boni
1079 3645 1273 3730 philosophi.
1286 3645 1504 3731 Chrysippum
1519 3644 1543 3730 ¹)

429 3766 525 3844 enim,
549 3767 695 3851 quamvis
719 3766 923 3852 philosophia
946 3767 1043 3832 tuerit
1068 3767 1226 3833 excellens
1240 3768 1349 3853 jejune
1366 3773 1398 3834 et
1417 3767 1544 3833 exiliter

429 3891 555 3956 dixisse.
593 3891 697 3967 Quare
726 3890 907 3973 »Quidquid
930 3892 1013 3969 erit,
1036 3892 1160 3976 inquit,
1183 3913 1374 3977 quacunque
1398 3915 1436 3957 ex
1464 3896 1542 3970 arte,

428 4089 588 4098 ..fi--a-

465 4229 492 4297 1)
512 4227 609 4282 Confer
628 4229 665 4281 sis
683 4229 716 4282 de
735 4227 845 4281 Finibus
864 4227 908 4281 lV.
928 4226 1108 4298 §7»Scripait
1121 4233 1210 4283 autem
1221 4230 1381 4283 rhetoricam
1391 4228 1542 4295 Cleanthes,

428 4317 595 4387 Chrysippus
613 4319 701 4384 etiam,
722 4318 768 4371 sod
787 4318 833 4384 sic,
852 4321 881 4368 ut
900 4318 991 4386 siquis
1010 4317 1191 4372 obmutescere
1209 4320 1381 4388 concupierit,
1392 4317 1542 4372 nihilalind

426 4408 515 4480 legere
534 4405 655 4464 debeat.”
