3404 5198
706 591 747 656 15

165 831 236 874 rum
249 807 409 892 quaedam
425 808 464 872 de
481 810 550 872 arte
567 806 729 872 rhetorica
748 806 974 890 conscripsisse
989 803 1143 871 ereditur.
1161 805 1188 893 ¹)
1212 805 1284 871 Dif-

165 930 250 996 ficile
282 935 333 996 est
365 931 451 996 enim
486 929 617 995 brachia
652 933 765 995 oontm
799 932 974 994 torrentem
1008 929 1155 1014 dirigam.
1193 930 1282 995 Idem

165 1054 222 1120 ille
244 1053 327 1120 Octo
346 1055 380 1120 in
402 1054 529 1133 Bruto,
561 1057 697 1138 excepto
719 1075 786 1119 nno
807 1051 958 1118 Cornelio
991 1051 1160 1137 Cethego,
1193 1052 1284 1136 cujus

165 1179 370 1264 eloquentiae
393 1181 443 1243 est
465 1182 578 1244 auctor
599 1177 731 1242 idoneus
754 1177 791 1253 Q.
815 1176 960 1253 Ennius,
992 1176 1195 1259 praedicatur
1216 1178 1284 1263 pri·

168 1327 240 1369 mus
263 1325 373 1370 eorum
385 1325 466 1388 quos
480 1306 644 1368 »oratores
655 1301 784 1368 habitos
796 1290 876 1379 esse,
886 1300 1004 1384 iuquit,
1021 1322 1087 1365 non
1099 1302 1284 1385 conjectura

167 1429 393 1495 tantummodo
400 1428 549 1494 ducimur
563 1428 603 1494 ud
615 1427 852 1512 suspicandum,
864 1426 919 1492 sed
930 1447 1011 1510 quos
1023 1425 1196 1490 memoriae
1209 1447 1285 1510 pro-

164 1553 269 1618 ditum
292 1558 341 1618 est
364 1553 551 1638 eloquentes
574 1557 607 1618 et
628 1553 725 1618 briaae
749 1556 783 1617 et
806 1573 875 1617 esse
892 1547 1052 1617 habitos”
1078 1549 1105 1635 ²)
1128 1548 1217 1616 Inter
1229 1549 1283 1634 ju-

167 1699 262 1742 venes
283 1677 410 1762 quidem
427 1679 493 1762 jam
512 1677 622 1762 paullo
645 1681 720 1742 ante
736 1675 859 1741 dicendi
872 1674 1013 1739 studium
1030 1673 1148 1739 exarsit
1177 1673 1283 1740 »Nam

167 1805 377 1886 posteaquam
399 1801 534 1887 imperio
553 1800 696 1866 omnium
718 1799 865 1886 gentium
889 1798 1064 1864 constituto
1087 1798 1284 1863 diuturnitas

168 1926 256 2013 pacis
279 1925 380 1991 otium
404 1925 615 2004 confirmavit,
639 1946 732 1990 nemo
747 1925 813 1989 fere
826 1903 929 1988 laudis
947 1922 1081 2007 cupid-us
1100 1921 1283 1988 adolescens

168 2071 233 2114 non
266 2049 326 2114 sibi
357 2050 397 2114 ad
425 2049 593 2114 dicendum
617 2048 724 2114 studio
753 2048 841 2112 omni
862 2048 1047 2112 enitendum
1070 2047 1230 2131 putavit.’'
1256 2046 1283 2135 ³)

168 2173 284 2257 Neque
305 2177 415 2238 tamen
438 2173 517 2238 satis
539 2172 676 2238 feliciter
699 2175 834 2238 mactus
856 2170 905 2236 illi
928 2193 1056 2236 camere.
1081 2171 1222 2252 Etenim,
1246 2176 1285 2238 ut

168 2295 279 2362 eodem
308 2296 381 2362 loco
408 2295 558 2382 legimus
580 2296 706 2380 »primo
736 2295 864 2380 quidem
887 2294 987 2361 totius
1009 2294 1143 2360 rationis
1166 2295 1283 2381 ignari,
1335 2369 1338 2376 ¹

164 2419 225 2504 qui
251 2441 355 2504 noque
374 2419 614 2485 exercitationis
627 2419 727 2484 ullam
739 2419 804 2483 vim
816 2439 920 2502 neque
930 2418 1060 2503 aliquod
1076 2423 1283 2505 praeceptum

168 2543 249 2608 artis
270 2565 340 2609 esse
363 2543 608 2622 arbitrarentur,
632 2545 774 2622 tantum,
789 2545 946 2628 quantum
969 2542 1099 2628 ingenio
1116 2544 1283 2630 etcogita·

168 2667 259 2733 tione
280 2669 440 2751 poterant,
463 2667 751 2750 consequebantur.
774 2665 854 2732 Post
875 2669 982 2731 autem
1003 2665 1124 2732 auditis
1146 2669 1284 2734 oratori·

168 2787 230 2857 bns
254 2791 397 2871 Graecis,
432 2793 633 2878 cognitisque
656 2813 767 2857 eorum
787 2791 892 2856 literis
926 2791 1140 2876 adhibitisque
1173 2794 1283 2858 docte-

167 2915 275 2995 ribus,
296 2916 476 2982 incredibili
507 2915 645 3001 quodam
679 2915 784 2982 <nostri
823 2914 968 2980 homines
1002 2917 1143 2982 discendi
1177 2919 1283 2985 studio

167 3039 419 3127 flagraverunt.'’
449 3040 488 3105 ln
522 3040 639 3127 legatis
673 3039 795 3104 seilicet
826 3040 1023 3108 Graecorum
1055 3049 1284 3128 perspexerant

166 3163 305 3230 Romani
336 3165 386 3230 illi
414 3165 676 3252 πρακτικώτατοι
705 3169 863 3248 quantum
893 3165 934 3230 ad
957 3188 1024 3232 rem
1046 3169 1207 3252 publicam
1231 3191 1283 3235 cu·

165 3289 354 3373 pesaeudam
369 3290 607 3374 tenendamque
624 3290 726 3356 oratio
743 3290 870 3375 copiosa
882 3295 919 3356 et
935 3291 1054 3358 diserta
1070 3293 1201 3359 valeret.
1217 3293 1284 3370 Qui

164 3414 372 3499 philosophia
406 3414 502 3480 simul
535 3419 569 3480 et
601 3415 806 3500 eloquentia,
832 3416 979 3500 quamvis
1009 3417 1129 3501 dispari
1167 3439 1284 3504 genere

166 3538 387 3615 excellebant;
423 3543 494 3603 erat
528 3539 613 3603 enim
644 3537 823 3605 Carneades
855 3538 1087 3620 leodeninus,
1121 3543 1282 3629 Diogenes

164 3660 303 3742 Stoicus,
318 3661 482 3728 Critolaus
504 3662 751 3747 Peripateticus:
777 3663 991 3729 laudabantur
1013 3671 1122 3732 autem
1145 3666 1283 3734 Carnea-

159 3786 214 3852 dis
238 3786 403 3852 »violenta
425 3790 459 3852 et
482 3787 634 3871 rapida”,
659 3786 796 3853 Critolai
831 3788 933 3854 »suita
960 3793 996 3854 et
1027 3790 1142 3856 teretia
1164 3790 1283 3870 dicta''‚

198 4164 226 4232 l)
244 4164 355 4228 Quintil.
373 4163 418 4218 lll.
437 4166 462 4216 1.
481 4165 516 4217 19
541 4159 722 4218 Romanorum
741 4165 846 4233 primm
864 4165 983 4220 condidit
1001 4165 1092 4237 aliqua
1107 4166 1139 4221 vin
1151 4166 1208 4221 uso
1220 4181 1281 4221 *rua-

162 4256 230 4309 teria
249 4253 285 4308 M.
304 4252 370 4307 Cato
386 4254 433 4307 ille
452 4251 603 4306 Censorius.

198 4346 226 4410 2)
244 4343 319 4398 Brut.
336 4343 362 4397 d.
380 4343 413 4396 ol.
433 4345 499 4396 orat.
519 4343 562 4398 56.

197 4434 225 4507 3)
243 4435 277 4490 de
294 4431 340 4488 Or.
358 4432 377 4487 l.
393 4429 406 4486 1
424 4433 467 4488 lt.
