3404 5198
954 551 996 619 60

413 764 521 836 sutem
554 785 687 848 remque
723 763 885 849 publicam
915 765 1198 833 administrandum
1235 767 1419 854 eloquentia
1463 771 1536 835 tum

413 891 536 956 aditum
559 892 776 978 comparabat,
799 897 868 957 tum
892 894 976 958 vires
995 891 1247 976 facultatemque
1262 891 1451 976 praebebat.
1467 891 1536 956 Ne·

414 1035 476 1098 qne
500 1018 607 1079 tannen
630 1015 721 1080 illam
744 1015 846 1082 solam
869 1015 1100 1100 eloquentiam,
1122 1035 1204 1100 qnae
1227 1015 1260 1079 in
1275 1015 1405 1100 judiciis
1428 1019 1463 1080 et
1484 1033 1536 1080 se·

413 1142 493 1202 natu
516 1142 548 1202 et
571 1139 774 1205 contionibus
797 1140 898 1227 vigetp
915 1139 1032 1205 ceteris
1053 1140 1179 1205 artibus
1198 1137 1375 1224 praeponit
1388 1137 1535 1203 Tullius:

414 1261 542 1327 sublato
565 1262 661 1326 etism
684 1262 753 1327 foto
776 1267 809 1328 ct
832 1263 942 1340 curia,
974 1265 1014 1328 ad
1044 1285 1082 1328 ea
1112 1277 1246 1329 munera
1269 1263 1385 1348 quibus
1408 1261 1535 1328 civibus

414 1385 537 1450 consuli
560 1407 652 1470 posse
675 1390 777 1470 putet,
801 1387 938 1452 oratoris
961 1392 1063 1453 artem
1086 1387 1245 1472 postulat3
1265 1385 1433 1451 historiam
1454 1407 1537 1470 qno·

416 1531 479 1594 que
513 1513 546 1574 et
580 1510 660 1576 ulios
690 1511 812 1588 libros,
843 1511 877 1576 in
905 1510 1023 1596 quib'us
1051 1512 1131 1576 artis
1155 1516 1326 1596 praecepte
1355 1507 1537 1584 tradantur,

416 1634 594 1719 composita
617 1639 651 1699 et
673 1639 787 1700 ornata
810 1635 1050 1712 oratione,vnlt
1071 1635 1244 1701 conscribi:
1275 1657 1315 1700 nc
1346 1633 1427 1698 aridi
1451 1633 1537 1710 sint,

416 1779 456 1823 ne
465 1762 619 1844 agrestes,
627 1759 682 1823 sed
690 1758 849 1823 suavitate
857 1758 943 1842 pleni
952 1763 985 1824 ct
994 1759 1082 1825 omni
1090 1781 1129 1824 ex
1138 1764 1231 1844 parte
1239 1756 1431 1843 probabiles.
1446 1753 1538 1820 »No-

416 1880 465 1945 bis
489 1884 595 1944 cubem
620 1881 761 1958 videtnr‚
784 1881 889 1976 inquit
911 1881 995 1947 idern
1019 1883 1053 1947 in
1076 1882 1282 1959 Tusculanis,
1305 1877 1458 1966 quicquid
1480 1877 1538 1942 lit-

417 2003 496 2068 teris
521 2003 689 2069 mandetur
715 2003 747 2068 id
770 2004 985 2071 commendari
1008 2006 1151 2072 omnium
1178 2006 1376 2072 eruditorum
1405 2001 1538 2067 lectioni

417 2126 560 2192 decere.”
584 2127 612 2213 ¹)

462 2250 515 2316 An
541 2273 614 2318 vero
634 2252 714 2317 illud
738 2253 1015 2336 reprehendente,
1036 2254 1121 2336 quod
1141 2253 1271 2318 omnino
1287 2265 1429 2318 summas
1450 2255 1539 2315 artes

418 2380 453 2441 et
473 2375 656 2460 disciplinas
679 2376 718 2440 sd
742 2376 917 2442 utilitatem
940 2376 1107 2441 hominnm
1130 2376 1259 2442 volebat
1280 2376 1427 2454 directas,
1451 2373 1539 2460 quod

419 2499 634 2587 cognitionem
664 2520 792 2576 eorum,
823 2522 906 2584 quae
932 2501 972 2565 ad
998 2500 1184 2565 societatem
1213 2503 1247 2566 et
1276 2498 1539 2585 conjunctionem

419 2622 584 2688 hominum
604 2622 757 2700 attinent,
779 2624 894 2689 ceteris
916 2623 1133 2707 anteponeb'at
1154 2661 1194 2672 -
1218 2623 1304 2709 quod
1326 2623 1360 2689 in
1384 2622 1540 2688 scientiae

420 2745 593 2830 cupiditate
614 2765 679 2810 non
703 2747 807 2832 magis
830 2746 965 2812 notabat
986 2747 1049 2813 hoc
1071 2749 1186 2814 vitium
1208 2771 1269 2812 »ne
1291 2745 1457 2832 incognite
1480 2767 1540 2830 pro

420 2870 557 2955 cognitis
580 2870 787 2947 habeamus'’‚
810 2883 907 2955 quem
929 2869 1011 2936 illud
1034 2870 1188 2947 alterum
1206 2871 1312 2955 »quod
1335 2869 1466 2956 quidem
1489 2868 1539 2934 ni·

420 2994 481 3058 mis
506 3011 658 3079 magnum
681 2995 821 3059 studium
845 2995 1043 3079 multamque
1059 3015 1188 3078 operam
1207 2995 1242 3059 in
1259 3017 1309 3060 res
1321 2995 1474 3060 obscuiss
1490 2995 1541 3058 st·

421 3131 483 3202 que
494 3116 637 3182 difficiles
649 3118 818 3183 conferunt
830 3118 1018 3202 easdemque
1031 3140 1094 3183 non
1103 3119 1317 3206 necessarius?
1331 3117 1542 3205 ²)--Fateor

421 3241 567 3324 equidem
590 3264 641 3306 mc
667 3241 756 3306 hisce
781 3240 939 3306 Tullianis
962 3243 1129 3307 sententiis
1161 3265 1227 3307 non
1259 3239 1465 3307 vehementer
1488 3261 1541 3304 as·

421 3366 535 3431 sentiri
557 3387 622 3430 non
645 3386 747 3449 posse.
766 3365 888 3430 Eorum
910 3365 996 3430 enim
1019 3365 1137 3442 studies
1158 3365 1215 3449 qui
1231 3363 1326 3429 itsin
1343 3362 1542 3428 litterasaut

421 3488 500 3554 olias
522 3489 707 3573 disciplinas
730 3489 928 3554 obscuriores
951 3510 984 3552 se
1007 3487 1148 3565 abdunt,
1183 3493 1220 3554 ut
1246 3487 1330 3552 nihil
1352 3509 1392 3551 ex
1415 3486 1461 3551 eis
1484 3507 1542 3551 ne·

422 3634 484 3697 que
514 3613 554 3677 ad
583 3632 781 3677 communem
809 3612 947 3676 afferant
967 3612 1132 3690 fructum,
1165 3634 1269 3696 neque
1296 3611 1330 3676 in
1355 3611 1542 3694 adspectum

422 3737 604 3820 proferunt;
625 3742 682 3801 ant
700 3736 727 3800 si
748 3735 825 3820 quid
847 3735 1070 3819 proferentes
1092 3737 1201 3814 edent,
1224 3757 1306 3820 quae
1322 3733 1402 3799 scire
1419 3731 1542 3797 nullius

420 3860 488 3944 jam
511 3861 649 3937 intersit,
674 3882 787 3945 parurn
809 3857 916 3923 hercle
944 3857 1074 3941 probari
1097 3862 1242 3942 possunt.

468 3984 616 4049 Gaudent
645 4005 721 4049 sane
755 3995 864 4048 omnes
895 4000 988 4044 verae
1018 3979 1230 4046 humanitatis
1260 3979 1355 4045 amici
1377 3979 1416 4044 de
1448 3977 1544 4044 laetis

460 4285 488 4351 t)
508 4285 587 4339 Tunc.
607 4286 624 4337 1.
644 4284 676 4337 ll.
696 4286 721 4337 8.

461 4378 489 4440 2)
508 4373 547 4430 De
566 4372 617 4427 Off.
635 4373 654 4427 1.
675 4375 717 4426 18.
