3404 5198
951 523 970 592 8

402 755 475 803 cum
495 733 616 803 lumine
639 736 790 818 rationis,
814 740 883 803 tum
906 737 1022 804 divinis
1045 737 1147 804 edocti
1171 737 1318 819 oraculis,
1341 737 1421 805 illud
1445 737 1520 806 bea·

402 862 548 928 titudinis
576 862 766 927 desiderium
788 887 807 928 a
830 863 1108 948 providentissimo
1129 887 1234 930 rerum
1261 865 1424 930 conditore
1448 886 1521 930 cum

402 988 471 1070 ipsa
497 991 612 1052 natura
641 987 824 1052 hominibus
848 989 979 1053 insitum
1002 990 1097 1054 inane
1129 1011 1197 1054 esse
1228 1011 1293 1053 nou
1319 1011 1434 1074 posse,
1466 987 1521 1052 sed

403 1110 590 1194 aliquand0,
611 1112 637 1176 si
658 1112 773 1176 divinis
791 1111 918 1198 legibus
938 1112 1109 1198 diligenter
1133 1112 1458 1196 obtemperaverimus
1479 1111 1521 1175 ab

402 1234 472 1317 ipso
495 1233 561 1299 Deo
584 1257 651 1300 esse
671 1237 872 1320 explendum.
897 1234 971 1300 Ideo
995 1258 1056 1300 non
1078 1236 1174 1300 aliam
1198 1235 1333 1321 gloriam
1353 1233 1445 1299 nobis
1466 1256 1520 1299 111-
1588 1249 1592 1258 ’

402 1359 572 1442 petendam
596 1361 759 1438 ducamus,
782 1384 878 1444 quam
902 1361 1028 1425 landem
1049 1364 1082 1424 et
1102 1382 1260 1436 amorem,
1277 1357 1369 1424 Illius
1392 1357 1448 1442 qui
1465 1379 1522 1423 nec

403 1481 473 1546 falli
498 1504 556 1548 nec
579 1484 690 1549 fallere
718 1489 833 1568 potest.

448 1605 554 1696 Igitur
584 1609 781 1673 miserandus
817 1613 866 1673 est
889 1608 1022 1686 Cicero,
1046 1608 1131 1692 quod
1155 1608 1236 1672 vixit
1266 1630 1303 1673 ea
1331 1615 1458 1688 aetate,
1483 1610 1521 1675 de

403 1752 466 1813 qua
490 1731 651 1796 verissime
679 1733 763 1816 ipse:
789 1732 878 1797 »Nos
902 1732 1095 1816 simulatque
1116 1733 1193 1797 editi
1217 1733 1250 1797 in
1270 1733 1373 1798 lucem
1398 1738 1522 1799 11111-

402 1854 485 1938 cepti
510 1876 620 1920 sumus
650 1857 793 1921 inomni
821 1856 972 1922 continuo
995 1857 1155 1940 pravitate
1178 1861 1210 1921 et
1237 1857 1270 1920 in
1302 1879 1427 1923 summa
1451 1859 1521 1941 opi·

402 1978 534 2043 nionum
558 1981 768 2064 perversitate
793 2002 971 2058 versamur,
994 1985 1031 2045 ut
1058 2003 1159 2064 paene
1183 2002 1255 2045 oum
1278 1981 1362 2046 lacte
1386 1983 1522 2048 nutricis

403 2123 541 2167 errorem
557 2104 679 2168 suxisse
701 2104 874 2168 videamur.
899 2104 978 2168 Cum
998 2126 1075 2168 vero
1098 2103 1284 2188 parentibus
1305 2104 1430 2179 redditi,
1447 2105 1520 2170 dein

404 2226 566 2313 magistris
586 2228 697 2292 traditi
720 2250 840 2304 sumus,
863 2232 931 2292 tum
955 2228 1002 2292 ita
1023 2227 1120 2292 variis
1145 2227 1319 2292 imbuimur
1347 2229 1519 2305 erroribus,

404 2355 441 2414 11
455 2351 590 2415 11111111
602 2351 719 2416 veritas
730 2356 762 2415 et
775 2351 917 2435 opinioni
930 2351 1139 2416 confirmatae
1153 2355 1268 2416 natura
1278 2351 1348 2434 ipsa
1360 2349 1484 2416 oedat.’'
1496 2350 1519 2435 ¹)

403 2474 512 2540 Minus
532 2480 639 2540 tamen
654 2475 882 2560 vituperandus
893 2480 952 2553 ert,
969 2497 1063 2560 quam
1081 2474 1136 2558 qui
1153 2478 1211 2539 aut
1229 2475 1382 2558 pecuniae
1399 2475 1520 2559 cupidi·

404 2602 471 2664 tate
494 2603 551 2663 aut
574 2598 777 2683 voluptatum
797 2599 929 2664 libidine
952 2603 1010 2665 aut
1029 2599 1192 2684 potentiae
1209 2598 1521 2664 desiderioferebau·

405 2727 467 2788 tur.
492 2723 553 2788 Sed
573 2726 691 2807 quotus
710 2723 844 2808 quisque
858 2723 1088 2801 Romanorum,
1099 2744 1179 2808 quos
1190 2745 1275 2788 nunc
1287 2723 1454 2808 magnifice
1467 2744 1521 2787 ex·

404 2847 517 2912 tollere
540 2848 662 2925 solent,
695 2870 759 2912 uon
783 2847 892 2932 aliqua
922 2846 1048 2912 axillis
1079 2847 1307 2932 cupiditatibus
1334 2847 1518 2922 ferebatur,

308 3009 319 3028 ·
404 2995 538 3056 quarum
562 2971 651 3036 nulla
675 2977 760 3037 11111
781 2973 816 3038 11
832 2972 1016 3037 Ciceronem
1033 2970 1174 3036 cadebat.
1191 2969 1269 3045 Quis
1293 2975 1401 3035 autem
1424 2971 1520 3054 neget

403 3097 487 3161 inter
498 3095 587 3159 varia
598 3095 682 3160 bona
693 3095 732 3160 ad
745 3117 826 3179 qnae
838 3095 1029 3180 acquirenda
1040 3093 1089 3158 illi
1102 3093 1247 3158 homines
1260 3094 1346 3159 omni
1359 3114 1418 3176 ope
1435 3091 1520 3156 nite·

403 3219 533 3296 bantur,
547 3218 673 3284 laudem
697 3223 730 3284 et
752 3219 888 3304 gloriam
912 3241 979 3284 esse
999 3241 1095 3283 unam
1114 3217 1258 3282 omnium
1278 3214 1519 3283 nobilissimam.

404 3345 614 3428 Quamquam,
630 3344 667 3408 de
680 3342 831 3408 Cicerone
844 3343 926 3408 idem
938 3345 1035 3408 etiam
1044 3342 1105 3407 dici
1114 3342 1200 3420 licet,
1213 3341 1299 3425 quod
1310 3341 1348 3405 de
1360 3338 1520 3423 captanti-

403 3468 461 3532 bus
486 3490 596 3531 auram
621 3466 807 3550 popularem
831 3467 898 3550 ipse
922 3466 1098 3532 scribebat:
1123 3466 1246 3551 optima
1269 3468 1432 3549 petenteS,
1456 3483 1520 3527 non

402 3596 468 3656 tam
494 3591 657 3656 voluntate
682 3612 779 3673 quarn
801 3611 912 3655 cursus
936 3611 1042 3655 errore
1066 3589 1145 3655 falli.
1159 3589 1183 3674 ²)

447 3715 604 3799 Equidem
627 3719 712 3778 stare
735 3712 810 3778 nolo
834 3714 874 3778 ab
899 3714 938 3778 iis
958 3714 1022 3799 qui,
1036 3714 1187 3780 Cicerone
1206 3716 1325 3797 spreto,
1350 3709 1521 3775 Caesarem

403 3840 633 3924 Octaviamque
656 3838 772 3903 civium
796 3837 952 3922 sanguiue
964 3837 1097 3902 infectos
1113 3836 1267 3902 extollere
1279 3834 1392 3900 solent.
1417 3833 1520 3899 Carus

402 3965 481 4030 mihi
503 3968 553 4029 est
576 3961 707 4039 Cicero,
733 3983 796 4025 non
820 3964 948 4025 tantum
979 3960 1019 4026 ob
1050 3960 1215 4045 praeclara
1234 3959 1416 4023 litterarum
1441 3957 1522 4022 arti·

437 4285 464 4349 1)
483 4281 562 4337 Tuae.
580 4283 598 4336 l.
616 4298 638 4336 o.

437 4370 464 4442 2)
482 4371 590 4428 ibidem.
