3404 5198
696 581 738 648 53

157 794 253 879 hujus
275 794 380 880 op'eris
402 793 524 882 effigies
547 795 751 880 exprimenda
774 797 854 873 erat,
878 794 932 861 sed
954 793 1110 883 imagines
1133 797 1275 874 tantum,

156 940 236 1002 quas
260 919 364 984 lector
385 918 558 984 benevolus
577 921 646 1004 jam
669 936 708 985 ex
731 941 789 984 sua
812 919 918 1004 priore
949 918 1088 984 lectione
1122 920 1276 985 memoria

157 1045 301 1119 teneret,
334 1042 520 1107 excitandae
548 1043 780 1128 quodammodo
805 1047 903 1128 atque
925 1044 1121 1108 revocandae
1146 1083 1184 1092 —
1207 1045 1275 1127 jam

155 1183 220 1232 non
243 1166 353 1232 multis
376 1167 492 1245 verbis,
517 1168 648 1252 opinor,
682 1190 762 1252 opus
796 1168 858 1232 erit
891 1172 928 1232 ut
965 1167 1146 1252 probemus,
1175 1171 1274 1251 capnt

156 1290 299 1356 omnium
323 1289 438 1356 harum
461 1291 642 1357 litterarum
665 1311 733 1358 esse
755 1290 845 1367 illud,
870 1289 956 1374 quod
978 1310 1075 1374 supra
1086 1287 1186 1353 Tullii
1203 1309 1274 1352 ver·

157 1413 205 1478 bis
229 1416 483 1481 enuntiavimus:
508 1416 688 1481 »neminem
712 1414 902 1500 eloquentia
926 1435 991 1478 non
1015 1413 1107 1478 modo
1132 1413 1200 1510 siue
1223 1413 1273 1476 di-

156 1539 246 1604 cendi
268 1538 423 1619 doctrina,
447 1540 502 1605 sed
525 1563 565 1605 ne
591 1541 660 1606 sine
691 1538 929 1624 omniquidem
968 1537 1126 1620 sapientia
1159 1537 1272 1602 florere

157 1679 308 1747 umquam
330 1666 363 1728 et
384 1669 547 1748 praestare
570 1664 744 1749 potuisse.”

200 1785 441 1852 Demonstravit
463 1786 596 1853 Crassus
619 1787 750 1864 oratori,
773 1792 811 1851 ut
834 1786 973 1864 doceret,
986 1788 1024 1848 ut
1035 1783 1218 1861 delectaret,
1235 1787 1272 1847 ut

158 1914 296 1976 moveret
319 1911 492 1976 multarum
515 1915 615 1997 atque
637 1927 828 1999 magnarum
852 1933 958 1975 rerum
981 1908 1148 1974 scientiam
1163 1929 1271 1972 neces-

156 2033 272 2098 sariam
295 2056 377 2110 esse3
399 2036 630 2118 pernoscendae
653 2057 721 2100 esse
734 2056 794 2113 res,
807 2031 1271 2120 quaeorationeexplanaren·

156 2163 222 2234 tur;
246 2180 311 2224 non
334 2158 461 2243 plaeere
472 2180 563 2243 posse
576 2159 632 2243 qui
644 2159 774 2236 diceret,
786 2158 846 2222 nisi
870 2160 1040 2242 appareret
1057 2154 1168 2220 multis
1192 2154 1272 2219 arti·

155 2280 212 2346 bus
235 2281 430 2366 perpolitusa
453 2282 612 2347 neminem
634 2282 762 2348 flectere
787 2285 819 2346 et
841 2302 1041 2346 commovere
1064 2279 1197 2355 animos,
1215 2277 1269 2362 qui

155 2407 302 2483 naturas,
345 2405 477 2470 affectus
511 2423 679 2488 moresque
724 2404 891 2470 hominum
936 2427 1000 2468 non
1048 2403 1269 2487 perspexisset.

155 2527 336 2594 Tenendum
370 2551 438 2594 esse
460 2528 562 2616 igitur
592 2533 626 2594 et
656 2529 833 2596 doctrinam
867 2530 906 2594 de
939 2529 1007 2594 vita
1041 2531 1074 2592 et
1109 2526 1269 2603 moribus,

155 2656 187 2717 et
219 2651 345 2718 litteras
379 2654 515 2731 multas,
549 2657 583 2718 et
618 2653 668 2718 vel
702 2653 840 2718 maxime
875 2652 1091 2739 cognitionem
1126 2649 1268 2716 omnium

155 2793 262 2841 earum
287 2795 404 2855 rerum,
427 2799 509 2861 quae
531 2777 676 2843 oratione
699 2780 925 2842 tractarentur.
939 2777 1039 2863 Ergo,
1059 2777 1270 2860 quitantum·

155 2899 247 2964 modo
269 2900 310 2964 ad
332 2901 487 2984 populum
513 2905 546 2966 et
568 2900 602 2964 in
626 2905 746 2982 senatu·
762 2901 865 2966 dicere
889 2899 997 2977 vellet,
1014 2900 1043 2965 ei
1056 2903 1089 2964 et
1100 2897 1269 2963 historiam

155 3029 187 3090 et
209 3024 421 3109 antiquitates
442 3029 476 3089 et
498 3025 586 3112 leges
609 3029 641 3090 et
661 3025 737 3109 jura
759 3025 965 3108 perdiscenda
995 3046 1077 3099 esse3
1110 3022 1166 3106 qui
1196 3041 1271 3085 vero

155 3149 314 3232 perfectus
337 3147 398 3213 dici
422 3149 521 3214 vellet
543 3153 663 3226 orator,
688 3148 841 3233 quoniam
874 3147 972 3212 nullis
999 3127 1145 3212 terminis
1168 3145 1271 3211 inclu-

156 3271 283 3337 deretur
294 3271 494 3356 eloquentiae
505 3289 652 3358 regnum,
664 3293 767 3355 neque
780 3270 847 3334 ulla
858 3270 1013 3347 doctrina,
1026 3292 1107 3354 quae
1119 3270 1158 3334 ad
1170 3268 1270 3333 vitum

155 3396 302 3480 pertinet,
325 3396 549 3461 tractationem
572 3395 725 3460 orationis
749 3417 811 3459 non
829 3394 1008 3478 postularet
1029 3433 1059 3442 -
1077 3414 1202 3456 omnem
1220 3412 1272 3454 sa-

155 3519 306 3602 pientiam
330 3533 402 3583 eum
426 3519 587 3603 possidere
610 3541 677 3584 esse
711 3540 847 3583 necesse.
872 3518 984 3602 Neque
1011 3517 1147 3582 aliorum
1172 3515 1271 3580 collo-

154 3643 319 3725 quentium
342 3665 502 3708 sermones
525 3644 608 3709 hanc
631 3643 823 3708 sententiam
848 3643 914 3706 ullo
938 3643 1032 3707 modo
1052 3642 1269 3707 infirmarunt.

155 3764 237 3830 Nam
260 3788 343 3850 quae
365 3789 384 3829 a
407 3765 559 3831 Scaevola
582 3767 707 3851 objecta
730 3771 816 3844 sunt,
837 3766 912 3851 quid
924 3766 986 3830 nisi
1000 3766 1061 3830 hoe
1078 3766 1272 3841 ostendunt,

155 3889 338 3971 prudentiae
360 3889 477 3955 infanti
499 3913 563 3955 non
587 3912 713 3955 omnem
738 3890 910 3956 utilitatem
923 3890 1164 3974 abjudicandam
1179 3890 1271 3953 esse?

155 4011 240 4087 Quae
253 4035 328 4078 vero
341 4012 502 4079 Antonius
523 4013 739 4092 contradixit,
763 4012 844 4076 illud
858 4017 985 4077 tuntum
1004 4013 1179 4077 effecerunt
1206 4035 1270 4075 non

155 4137 259 4201 omnia
282 4135 548 4222 philosophorum
571 4138 691 4223 placita
713 4138 834 4202 oratori
856 4137 1041 4214 convenire,
1064 4158 1167 4219 neque
1186 4135 1270 4219 juris

156 4259 290 4324 studium
316 4259 437 4325 oratori
461 4261 544 4326 tanti
566 4260 746 4325 faciendum
770 4283 856 4338 esse,
889 4260 1002 4344 quanti
1036 4259 1157 4344 ingenii
1187 4258 1271 4322 dona

157 4381 339 4467 dicendique
362 4375 622 4450 exercitationem
647 4389 680 4448 et
702 4384 914 4471 diligentiam,
940 4384 1075 4449 maxime
1096 4388 1203 4449 autem
1218 4404 1269 4446 ca-
