3404 5198
972 575 1016 658 ‘54

437 803 585 882 seudum,
609 825 649 869 ne
672 802 896 889 philosophiae
930 805 1036 872 studia
1070 804 1272 873 diuturniora
1307 830 1417 874 omnes
1453 809 1550 875 animi

437 929 519 994 vires
531 929 750 1005 absumerent3
763 930 1010 1014 probabiliorem
1023 931 1159 1015 denique
1171 932 1270 1018 vulgo
1282 955 1459 1000 sermonem
1474 958 1552 1012 esse,

436 1054 492 1139 qui
514 1054 638 1120 nullam
660 1055 793 1120 haberet
816 1057 940 1121 nimiae
964 1056 1154 1121 eruditionis
1188 1056 1466 1142 significationem.
1496 1059 1553 1124 Sa-

438 1179 635 1262 pientissima
662 1203 738 1244 sane
772 1184 806 1245 et
837 1181 1001 1265 praeclara
1035 1181 1173 1259 monita,
1199 1201 1296 1264 quae,
1321 1203 1421 1265 quum
1456 1185 1552 1249 etiam

436 1303 581 1369 Ciceroni
605 1326 669 1369 nou
681 1306 810 1389 probari
833 1327 897 1370 non
921 1305 1060 1389 possint,
1084 1304 1252 1368 manifeste
1276 1306 1452 1372 ostendunt
1461 1306 1553 1374 Cice-

435 1452 546 1495 ronem
557 1451 621 1494 non
634 1430 736 1515 magis
759 1428 865 1495 Crassi
888 1452 986 1514 quarn
1009 1427 1145 1493 Antonii
1157 1429 1367 1508 sermonibus,
1379 1428 1463 1515 'quid
1486 1432 1553 1516 ipse

436 1554 576 1632 sentiret,
590 1552 682 1618 nobis
705 1554 863 1637 explicare
887 1555 1034 1619 voluisse.

479 1677 593 1754 Nema,
619 1677 679 1741 nisi
702 1677 806 1755 fallor,
831 1678 1016 1763 opinabitur
1040 1678 1158 1743 multas
1190 1677 1265 1742 illas
1298 1683 1385 1743 artes
1420 1684 1453 1744 et
1489 1681 1553 1745 dis-

436 1801 569 1885 ciplinas
592 1823 656 1866 non
681 1802 853 1866 rectissime
875 1803 908 1866 in
932 1803 1069 1868 oratoris
1091 1802 1283 1886 supellectili
1318 1825 1385 1868 esse
1416 1806 1552 1888 positas3

436 1926 490 1990 sed
513 1947 595 2009 quae
619 1925 651 1989 in
676 1927 771 1990 tertio
802 1927 1005 2010 potissimum
1035 1927 1119 1991 libro
1153 1926 1237 1990 inter
1271 1925 1488 2009 eloquentiam
1522 1933 1552 1993 et

436 2054 555 2114 ceteras
578 2049 740 2114 doctrinas
763 2050 917 2114 statuitur
940 2051 1149 2129 necessitudo,
1166 2071 1359 2136 magnopere
1371 2073 1493 2129 vereor,
1518 2055 1554 2115 ut

437 2174 585 2238 omnibus
607 2175 769 2258 probetur.
794 2174 875 2238 Vult
891 2175 974 2239 enim
988 2174 1213 2258 eloquentiam,
1233 2196 1329 2259 quam
1342 2174 1397 2239 alii
1415 2176 1455 2239 ab
1467 2176 1552 2239 omui

438 2299 600 2385 elegantia
636 2299 799 2363 doctrinae
832 2303 1020 2384 segregent,
1057 2299 1148 2363 velut
1187 2298 1331 2363 omnium
1366 2299 1487 2364 artium
1522 2302 1552 2362 et

438 2422 678 2507 disciplinarum
715 2423 859 2509 reginam
893 2422 1062 2497 celebrari;
1086 2421 1161 2486 huic
1184 2425 1306 2487 ceteras
1329 2444 1440 2487 omnes
1464 2421 1553 2507 quasi

440 2547 705 2612 »ministratrices
717 2547 912 2611 etcomites''
935 2546 1049 2622 tribui3
1070 2545 1260 2629 sapientiam
1280 2549 1388 2610 eutem
1409 2568 1553 2621 omnem,

389 2707 392 2712 ·
439 2694 521 2757 quae
543 2694 608 2736 non
630 2671 748 2734 habeat
771 2670 986 2754 eloquentiam
1010 2668 1286 2751 sibiconjunctam
1299 2690 1444 2734 mancam
1458 2672 1554 2754 atque

438 2797 658 2888 imperfectam
701 2817 778 2860 esse.
813 2794 893 2860 Cum
918 2795 1002 2859 enim
1021 2792 1116 2857 multi
1151 2792 1217 2855 sint
1251 2792 1313 2857 hac
1346 2795 1468 2869 aetate,
1502 2793 1555 2878 qui

438 2942 552 3003 parum
576 2918 706 2983 solliciti
728 2918 766 2983 de
787 2919 946 2982 'sermonis
970 2917 1132 3004 elegantia
1154 2916 1236 2980 nibil
1262 2917 1366 3002 magis
1385 2919 1555 2982 aestiment

437 3046 494 3106 aut
517 3047 688 3126 procurent
720 3065 816 3126 quarn
851 3041 1068 3106 doctrinarum
1099 3040 1312 3104 humanarum
1347 3046 1553 3126 augmentum

436 3169 643 3250 perpetuum;
668 3166 723 3250 qui
735 3165 829 3230 laude
852 3165 1071 3250 dignissimam
1091 3165 1242 3227 censeant
1260 3162 1360 3227 vitam
1377 3164 1475 3241 illius,
1500 3163 1553 3248 qui

436 3295 538 3355 totam
561 3294 698 3355 aetatem
722 3292 901 3366 consumat,
924 3293 962 3352 ut
984 3310 1040 3372 per
1065 3286 1291 3351 subtilissimas
1313 3287 1552 3371 inquisitiones,

434 3415 573 3498 aliquam
599 3414 746 3478 veritatis
769 3412 963 3498 particulam
983 3433 1129 3475 summae
1152 3410 1366 3475 humanarum
1394 3411 1552 3496 cognitio·

434 3563 509 3604 num
535 3540 645 3602 addat:
671 3577 710 3586 -
736 3539 806 3602 fieri
829 3561 892 3601 non
913 3540 1030 3621 potest,
1053 3537 1130 3619 quin
1154 3534 1219 3598 illis
1231 3535 1320 3598 nefas
1343 3534 1491 3599 videatur
1505 3557 1553 3598 sa·

436 3664 592 3748 pientiam
617 3686 743 3727 omnem
767 3663 880 3746 subjici
904 3660 1115 3744 eloquentiae.
1139 3660 1214 3724 Jam
1230 3657 1317 3722 bisce
1328 3659 1431 3744 igitur
1443 3663 1553 3724 auctor

432 3809 514 3865 sum,
537 3791 586 3863 ut,
611 3790 782 3870 antequam
807 3785 991 3850 Ciceronem
1012 3784 1240 3860 condemnent,
1270 3782 1417 3867 paullum
1442 3783 1550 3847 nobis·

431 3933 503 3976 oum
527 3911 737 3988 considerent,
761 3910 865 3993 qualis
888 3909 987 3973 fuerit
1010 3907 1145 3972 oratoris
1168 3907 1288 3990 speeies
1306 3907 1340 3970 in
1364 3907 1551 3989 ejus'mente

431 4058 590 4120 expressa.

401 4161 405 4168 ’
473 4158 565 4223 Nihil
589 4162 637 4222 est
658 4158 692 4222 in
717 4157 782 4222 ullo
806 4179 922 4243 genere
948 4176 1156 4238 rerumquae
1179 4156 1236 4217 aut
1259 4153 1361 4217 oculis
1383 4157 1441 4217 ant
1458 4153 1548 4216 auri·

428 4285 488 4347 bus
512 4283 720 4367 percipimus,
745 4288 812 4345 tam
835 4279 1006 4363 pulchrum
1033 4281 1133 4369 atque
1160 4277 1353 4360 perfectum,
1385 4296 1449 4359 quo
1471 4276 1548 4359 pul·

427 4407 554 4473 chriora
576 4406 719 4493 cogitare
731 4427 795 4469 non
811 4403 979 4488 possimus.
1000 4401 1048 4466 Ea
1064 4404 1113 4467 est
1128 4401 1213 4466 enim
1225 4401 1273 4466 vis
1286 4401 1444 4465 humanae
1458 4420 1548 4464 men·
