3366 5206
958 607 1021 676 1oa

427 825 594 913 perspecta
617 823 665 892 vis
688 825 737 892 est
758 822 893 892 rationis
916 825 995 911 ejus,
1018 844 1083 911 qua
1100 843 1196 891 cansa
1211 843 1317 890 rerum
1331 823 1429 908 atque
1440 818 1549 890 exitus

428 954 675 1040 cognoscuntur,
698 951 799 1016 mirus
821 950 950 1035 quidam
965 950 1106 1014 omnium
1124 950 1216 1033 quasi
1235 969 1405 1014 consensus
1424 947 1548 1012 doctri·

426 1097 541 1142 narum
586 1077 821 1159 concentusque
863 1073 1022 1159 reperitur
1033 1074 1062 1149 ;’'
1106 1075 1189 1138 idem
1234 1076 1314 1158 puto
1359 1071 1547 1136 dialecticae

426 1198 566 1264 tribuere
589 1197 701 1276 voluit,
720 1199 805 1282 quod
819 1197 911 1264 Plato
927 1196 1052 1264 selectis
1067 1197 1252 1282 juvenibus,
1272 1197 1328 1280 qui
1344 1195 1458 1261 ceteris
1474 1194 1546 1278 jam

426 1322 549 1387 artibus
588 1321 703 1386 imbuti
737 1325 863 1398 esseut,
903 1321 1167 1387 commendabat:
1181 1370 1277 1386 .....
1318 1321 1397 1386 τιν’τε
1441 1319 1547 1404 χύδην

424 1446 608 1531 μαθήματα
633 1447 747 1512 παισὶν
770 1441 806 1513 ἒν
828 1449 868 1536 τῇ
888 1450 1022 1532 παιδείᾳ
1038 1446 1207 1529 γενόμενα,
1220 1445 1347 1519 τούτοις
1364 1451 1546 1510 συνακτέον

425 1569 472 1644 εἰς
505 1570 647 1659 σύνοψιν
680 1569 875 1659 οἰκειότητος
895 1566 1043 1660 ἀλλήλων
1075 1574 1140 1636 τῶν
1173 1571 1382 1659 μαθημάτων
1408 1571 1545 1656 καὶτῆς

424 1701 483 1760 τοῦ
507 1695 597 1768 ὄντος
621 1697 754 1780 φύσεως.
780 1696 872 1771 Quod
894 1697 1022 1780 quidem
1046 1695 1229 1761 dialecticae
1256 1717 1316 1779 ope
1332 1692 1403 1759 fieri
1419 1691 1544 1768 voluit3

424 1817 512 1882 addit
524 1812 654 1895 enim,‹i
676 1815 820 1906 μὲνγὰρ
845 1812 1036 1893 συνοπτικὸς
1060 1813 1263 1897 διαλεκτικὸς,
1288 1811 1355 1884 ddd
1378 1812 1423 1905 μὴ
1447 1819 1497 1884 οὔ.
1513 1817 1544 1899 ¹)

467 1940 498 2005 A
521 1941 810 2025 vituperationibus
834 1947 941 2008 autem
964 1943 1206 2028 philosophiae,
1232 1965 1312 2027 quas
1340 1944 1425 2027 apud
1448 1941 1542 2008 Cice-

422 2085 531 2129 ronem
557 2066 679 2148 profert
702 2066 863 2132 Antonius
889 2105 929 2116 -
954 2069 1037 2132 sicut
1059 2071 1092 2132 et
1114 2067 1147 2130 iu
1171 2066 1292 2152 Gorgia
1314 2065 1473 2142 Callicles,
1499 2105 1542 2116 -

422 2187 552 2252 minime
576 2211 613 2253 ea
636 2188 830 2267 abhorrent,
853 2213 935 2275 quae
961 2193 994 2256 in
1019 2189 1200 2256 ›Civitate”
1232 2189 1424 2255 Adimantus
1447 2189 1543 2256 oblo-

421 2311 533 2395 quitur
566 2311 690 2378 Socrati
721 2314 923 2399 philosophis
944 2315 1114 2398 imperium
1142 2314 1348 2379 concedenti:
1377 2314 1542 2379 nemiuem

420 2433 570 2501 videlicet
583 2435 746 2522 ignorare,
769 2434 839 2504 ὅσοι
860 2431 902 2503 ἂν
916 2433 974 2503 ἐπὶ
990 2440 1186 2523 φιλοσοφίαν
1202 2432 1400 2528 ὁρμήσαντες
1415 2444 1460 2528 μὴ
1479 2445 1543 2505 τοῦ

419 2563 671 2627 πεπαιδεῦσθαι
705 2559 799 2628 ἕνεκα
834 2554 1017 2650 ἁψάμενοι,
1046 2562 1116 2629 νέοι
1139 2562 1228 2637 ὄντες
1251 2557 1540 2644 ἀπαλλάττονται,

417 2664 502 2750 ἄλλα
524 2683 726 2771 μακρότερον
748 2680 994 2775 ἓνδιατρίψοισι,
1013 2680 1088 2758 τούς
1107 2686 1168 2770 μὲν
1188 2690 1361 2762 πλείστους
1376 2691 1428 2754 καὶ
1445 2690 1539 2755 πάνυ

418 2801 612 2882 ἀλλοκότους
635 2809 851 2893 γιγνομένους,
875 2811 928 2875 ἵνα
952 2804 998 2898 μὴ
1021 2810 1261 2899 παμπονήρους
1280 2811 1441 2898 εἴπωμεν,
1460 2819 1542 2890 τους

418 2924 447 2996 δ’
450 2926 713 3007 ἐπιεικεστάτους
740 2937 930 3013 δοκοῦντας,
966 2929 1051 3019 ὅμως
1076 2937 1178 3003 τοῦτο’
1200 2960 1235 3019 γε
1266 2930 1334 3003 ὑπὸ
1367 2936 1540 3027 ἐπιτηδεύ-

417 3075 540 3136 ματος,
572 3038 612 3119 ori
634 3050 674 3121 ori
703 3053 859 3136 ἐπαινεῖς,
883 3059 1089 3142 πάσχοντας,
1114 3055 1293 3148 ἀχρήστους
1323 3073 1394 3137 ταῖς
1416 3065 1541 3134 πόλεσι

417 3183 633 3261 γιγνομένους.
654 3181 682 3265 ²)

462 3299 604 3374 Quodsi
627 3303 782 3387 suspicari
812 3305 888 3371 licet
918 3305 1102 3372 Ciceronem
1132 3309 1170 3374 de
1201 3313 1288 3375 certo
1318 3313 1456 3396 quodam
1482 3337 1539 3381 so-

415 3423 524 3507 phista
547 3424 716 3511 cogitasse,
740 3449 812 3492 cum
834 3451 892 3512 per
915 3430 1095 3496 Antonium
1118 3433 1235 3497 tastum
1260 3437 1293 3498 et
1315 3439 1538 3521 arrogantiam

416 3545 639 3629 graeculorum
657 3548 855 3632 jocosissime
875 3558 1029 3637 carperet,
1041 3555 1538 3646 profectolhraeymaohiinep-

414 3666 477 3731 tias
489 3672 602 3734 notare
614 3671 753 3738 voluisse
765 3675 924 3758 putandus
936 3681 994 3741 est.
1008 3676 1092 3742 Nam
1103 3700 1184 3763 quae
1199 3679 1375 3746 Antonius:
1391 3682 1537 3752 »Audite

415 3811 502 3866 vero,
512 3791 628 3875 inquit,
641 3795 758 3861 audite.
785 3798 953 3864 Hominem
967 3802 1052 3866 enim
1068 3801 1205 3867 audietis
1221 3803 1258 3868 de
1270 3803 1379 3868 schola
1390 3809 1490 3891 atque
1516 3832 1536 3873 a

414 3912 571 3998 magistro
595 3919 628 3979 et
650 3917 780 3984 Graecis
793 3919 909 3988 litteris
925 3924 1106 3989 eruditum.
1122 3979 1128 3993 .
1146 3924 1285 3992 .dooebo
1299 3950 1355 3992 vos
1372 3928 1535 4013 discipuli,

414 4037 447 4100 id
481 4038 568 4120 quod
607 4039 676 4123 ipse
710 4064 773 4106 non
802 4045 910 4110 didici:
946 4047 1024 4130 quid
1058 4049 1097 4113 de
1126 4049 1214 4114 omni
1251 4072 1369 4136 genere
1406 4053 1535 4120 dicendi

415 4215 575 4228 m

449 4333 478 4401 1)
498 4334 555 4392 civ.
573 4337 603 4393 P.
623 4342 675 4395 537
694 4341 723 4398 0.
743 4345 834 4399 -De
853 4343 897 4400 Or·
915 4345 960 4401 [Π.
978 4350 1022 4402 21.

451 4425 477 4486 2)
495 4423 526 4479 P·
543 4428 595 4481 487
614 4427 646 4484 D.
