3366 5206
676 593 741 670 iot

142 802 324 895 losephiam
342 807 536 879 devocavite
552 813 639 880 coelo
651 817 683 880 et
694 815 726 882 iu
742 815 873 880 urbibus
885 813 1062 895 collocavit,
1077 839 1096 882 a
1112 814 1262 892 Platone,

145 935 193 998 ita
203 933 339 1012 Tullius,
366 937 528 1019 »primum
550 920 682 1022 accepta
705 943 754 1004 est
765 940 1012 1024 philosophandi
1028 940 1112 1005 ratio
1124 941 1263 1025 triplex:

144 1079 209 1122 una
231 1057 269 1122 de
294 1059 362 1124 vita
384 1064 416 1123 et
444 1060 598 1138 moribus,
621 1042 727 1127 altera·
746 1063 784 1128 de
808 1067 924 1128 natura
947 1066 979 1127 et
1002 1064 1096 1129 rebus
1119 1064 1263 1139 occultis,

143 1181 241 1246 tertia
264 1179 303 1246 de
322 1182 504 1250 disserendo
527 1189 570 1262 et,
589 1185 666 1270 quid
679 1207 797 1264 verum,
812 1187 888 1270 quid
904 1186 1032 1264 falsum,
1050 1188 1126 1272 quid
1139 1189 1263 1250 rectum

142 1303 178 1368 in
200 1305 344 1370 oratione
366 1329 550 1390 pravumve,
575 1308 651 1391 quid
674 1310 875 1374 consentiens
899 1310 975 1395 quid
998 1297 1194 1395 repugnans,
1213 1311 1264 1392 ju-

143 1428 309 1496 dicaud0.”
323 1430 349 1513 1)
366 1431 451 1496 Nam
475 1433 547 1509 etsi,
570 1432 698 1497 Laertio
722 1435 852 1497 auctore
868 1432 894 1521 2)
917 1433 1001 1498 Zeno
1013 1439 1046 1498 et
1059 1431 1274 1497 Parmenides.

141 1552 327 1619 dialecticae
352 1555 431 1619 artis
455 1556 637 1621 inventores
660 1555 856 1634 ferebantur,
884 1593 923 1604 -
947 1557 1064 1641 qnippe
1087 1555 1143 1640 qui
1166 1553 1262 1638 primi

142 1699 201 1760 per
225 1678 494 1766 interrogationes
527 1685 623 1764 atque
650 1679 870 1763 responsiones
893 1679 1145 1764 colloquentium
1176 1696 1263 1741 more

143 1801 255 1866 docere
278 1801 513 1878 instituissent3
536 1825 640 1888 neque
663 1803 832 1886 quisquam
857 1803 919 1867 uisi
941 1803 1053 1867 iisdem
1075 1801 1136 1866 viis
1158 1822 1195 1865 ac
1212 1820 1266 1862 ra·

141 1923 286 1988 tionibus
310 1929 367 1988 aut
385 1899 463 1990 'cum
487 1947 544 1989 suc
569 1926 676 1990 animo
699 1929 757 1990 aut
780 1948 852 1990 cum
875 1924 947 1991 aliis
972 1927 1123 1991 disserere
1147 1927 1180 1988 et
1199 1921 1263 1986 dis·

141 2050 258 2131 putare
282 2053 404 2131 potest:
441 2070 534 2114 nemo
570 2053 677 2114 tamen
711 2055 788 2115 aute
822 2051 992 2117 Platonem
1028 2050 1067 2114 de
1089 2047 1150 2111 hac
1172 2045 1263 2128 parte

140 2170 323 2236 accuratius
346 2172 533 2256 disputavit.
570 2171 695 2250 Immo,
719 2173 752 2237 in
776 2175 844 2258 ipso
868 2175 929 2239 hoc
960 2173 1106 2238 Phaedro
1136 2143 1263 2252 dialogo

140 2294 247 2378 primu
270 2296 338 2380 ejus
361 2297 440 2362 artis
462 2297 556 2362 initia
578 2297 747 2376 habemus;
772 2299 798 2363 si
822 2303 929 2364 tumen
953 2316 1062 2362 uerum
1081 2297 1141 2368 est,
1165 2288 1261 2374 quod,

140 2423 317 2502 praeeunte
355 2419 608 2505 Olympiodoro,
637 2421 663 2508 3)
700 2423 759 2489 viri
797 2423 883 2490 docti
923 2419 1066 2506 plerique
1110 2414 1261 2488 censent,

141 2540 325 2616 Phaedrum
354 2542 518 2632 dialogum
541 2549 617 2610 ante
647 2547 787 2632 reliquos
818 2567 928 2612 omnes
950 2543 1050 2608 libros
1080 2563 1100 2604 a
1128 2535 1262 2602 Platone

144 2667 361 2752 conscriptum
385 2690 462 2733 esse.
495 2668 643 2733 Profecto
666 2666 758 2734 erant
779 2691 817 2736 ca
838 2673 1005 2754 tempora,
1028 2685 1110 2751 quae
1132 2657 1263 2726 Platoni

141 2789 350 2857 vehementer
373 2793 552 2870 suaderent,
575 2797 612 2857 ut
633 2793 673 2856 de
692 2792 862 2858 disserendi
881 2793 1005 2857 ratione
1024 2787 1196 2874 diligenter
1211 2783 1262 2846 in·

84 2976 88 2981 .
141 2912 296 2996 quireret.
321 2913 489 2998 Sophistae
501 2914 585 2980 enim
596 2915 635 2980 de
648 2917 783 2981 veritate
803 2917 1033 3000 honestateque
1044 2913 1158 2990 securi,
1171 2933 1262 2977 suam
1321 2972 1324 2979 .

142 3037 278 3122 quisque
302 3038 496 3122 opinionem,
519 3042 671 3104 accurata
695 3044 727 3104 et
745 3040 831 3105 facta
844 3039 1096 3124 quoddammodo
1116 3036 1261 3102 oratione

142 3159 375 3237 defendebant3
401 3163 506 3227 verbis
529 3160 689 3247 ambiguis
712 3163 911 3248 fallaciisque
927 3185 1054 3228 causam
1077 3161 1261 3226 inferiorem

141 3284 253 3368 (quam
277 3284 448 3373 vocabant)
471 3286 602 3351 dicendo
625 3287 818 3370 superiorem
838 3310 872 3352 se
889 3288 1017 3353 reddere
1029 3286 1260 3372 gloriabantur.

189 3405 311 3482 Quibus
334 3430 401 3474 sese
420 3409 487 3492 jam
500 3415 693 3493 opposuerat
712 3409 868 3488 Socrates,
886 3410 1066 3476 subtilitate
1078 3405 1260 3492 disputandi

140 3552 253 3596 eorum
265 3532 415 3596 instituta
427 3532 584 3598 refellens.
597 3533 691 3599 Plato
704 3540 811 3600 autem
824 3539 1101 3620 praeterea,suum
1114 3531 1259 3597 imitatus

140 3655 351 3741 magistrum,
374 3657 477 3740 ipsam
499 3657 583 3722 viam
606 3658 828 3743 rationemque
852 3681 914 3744 qua
937 3680 991 3723 eos
1015 3656 1177 3722 refutabat
1205 3653 1259 3718 ille

139 3799 317 3864 eorumque
330 3781 473 3866 argutias
486 3780 690 3859 dissolvebat,
702 3786 850 3847 accurate
863 3782 967 3866 coepit
979 3801 1147 3865 exponere.
1172 3777 1260 3842 Haec

139 3903 237 3968 initia
252 3904 453 3979 dialecticam
467 3905 529 3970 hae
540 3905 714 3992 διαιρέσεις
725 3909 759 3972 et
771 3905 960 3988 ccuayoiyae,
974 3926 1056 3988 quae
1068 3903 1101 3966 in
1117 3902 1259 3967 Phaedro

177 4244 207 4308 l)
227 4241 305 4296 Tusa.
325 4241 349 4294 V
368 4243 410 4294 10.
432 4269 464 4278 -
485 4241 539 4296 cfr.
558 4241 606 4297 Aa.
625 4248 694 4312 post.
713 4243 786 4313 115,
806 4247 849 4302 19.

176 4334 205 4394 2)
225 4331 244 4384 l.
262 4329 305 4386 lll.
326 4333 368 4385 48.

177 4421 205 4489 3)
225 4419 313 4492 Schol,
332 4421 360 4474 in
378 4419 531 4475 Phaedrum
549 4419 624 4474 initio
642 4417 679 4489 (p.
698 4419 770 4488 698.)
