3404 5198
976 585 1019 652 32

484 778 568 848 lllnd
592 781 724 860 scilicet,
747 803 843 865 quam
863 784 949 846 arcte
972 781 1057 848 inter
1080 803 1114 845 se
1136 779 1327 846 cohaereant
1349 777 1473 842 dicendi
1487 781 1559 842 stu·

439 907 528 971 dium
550 909 584 970 ct
607 925 726 990 magna
749 904 925 997 multarum
947 927 1054 969 rerum
1077 904 1213 969 scientia
1235 904 1323 968 hisce
1338 902 1429 967 libris
1453 902 1574 986 expli·

439 1034 548 1104 catur;
578 1028 779 1104 ostenditur,
808 1050 881 1093 cnm
904 1027 983 1093 artis
1018 1032 1211 1112 praecepta,
1235 1032 1304 1092 turn
1339 1026 1557 1112 cognitionem
1654 1021 1656 1032 ’

440 1174 656 1244 eorumquae
680 1151 720 1215 ad
743 1151 843 1215 vitam
867 1151 1041 1235 pertinent,
1064 1151 1184 1216 oratori
1209 1173 1277 1215 esse
1299 1150 1492 1237 necessaria:
1510 1149 1558 1213 ita

441 1281 559 1354 tamen,
568 1280 654 1366 ut,-
673 1272 759 1358 quod
771 1278 917 1359 tempora
930 1275 1098 1359 postulant
1107 1275 1256 1340 --multo
1267 1273 1557 1360 magisinculcetur

442 1423 571 1485 >neque
590 1420 782 1484 quemqnam
806 1399 838 1463 in
856 1420 901 1477 ec
923 1397 1077 1463 disertum
1101 1419 1168 1462 esse
1185 1419 1277 1482 posse
1295 1398 1378 1482 quod
1399 1398 1557 1473 nesciat”;

440 1547 536 1610 quam
561 1524 698 1588 alterum
721 1521 820 1587 illud:
846 1521 979 1606 »Neque
1003 1521 1030 1585 si
1053 1521 1174 1606 optimc
1196 1522 1497 1609 sciat,ignarnsquc
1513 1520 1557 1585 sit

362 1691 363 1695 =
439 1648 603 1722 faciendae
633 1668 670 1710 ac
696 1645 863 1742 poliendae
898 1645 1071 1722 orationis,
1096 1645 1212 1710 diserte
1239 1646 1271 1710 id
1300 1646 1406 1731 ipsum
1433 1645 1557 1728 dequo

441 1773 522 1838 sciat
545 1792 637 1863 posse
661 1768 796 1837 dicere.”
812 1767 840 1854 1)

486 1898 594 1980 Atque
624 1895 669 1960 sic
698 1893 778 1958 mihi
808 1891 1003 1976 persuadeo,
1027 1893 1184 1958 neminem
1216 1899 1342 1960 attenta
1370 1897 1476 1958 mente
1499 1892 1558 1956 hos

440 2023 540 2087 libros
563 2020 690 2103 saepius
711 2017 894 2104 perlegisse,
918 2017 996 2100 quin
1019 2017 1197 2082 doctrinam
1220 2018 1320 2094 illam,
1352 2039 1449 2101 quam
1478 2015 1557 2081 dixi-

440 2170 511 2238 mus
528 2167 592 2210 non
608 2144 702 2208 modo
720 2142 781 2206 sibi
801 2140 1004 2206 vehementer
1018 2141 1225 2225 approbatam
1240 2141 1557 2223 commendatamque

440 2272 581 2348 habeat,
615 2290 725 2333 verum
765 2265 883 2343 etiam,
919 2264 997 2328 baec
1030 2265 1137 2329 eadem
1178 2266 1240 2350 ipsi
1282 2265 1374 2349 quasi
1408 2265 1556 2349 proprius

440 2388 606 2483 χαρακτὴρ
628 2391 725 2475 hujus
748 2389 961 2454 institutionis
983 2410 1050 2452 esse
1073 2389 1230 2453 videatur.
1262 2390 1365 2465 Quum
1391 2393 1498 2454 tamen
1521 2411 1557 2452 ea

440 2523 483 2586 sit
506 2523 623 2584 natura
636 2515 847 2600 dialogorum,
871 2513 903 2576 in
928 2512 1044 2596 quibus
1066 2511 1131 2576 late
1155 2513 1298 2578 etlibere
1322 2513 1555 2590 curratoratiO,

439 2645 558 2731 quippe
582 2641 697 2726 quibua
714 2638 809 2706 unica
831 2658 946 2701 norma
961 2658 1029 2700 esse
1041 2635 1123 2700 solet
1143 2635 1344 2701 Platonicum
1367 2636 1464 2699 illud:
1482 2631 1555 2724 ‘imp

439 2763 480 2836 ἂν
502 2760 520 2829 b
544 2767 639 2847 λόγος
662 2759 769 2849 ὥςπερ
793 2766 926 2844 πνεῦμα
951 2767 1034 2849 φέρῃ
1056 2759 1160 2856 ardep
1184 2759 1280 2840 ἰτέον,
1307 2760 1464 2844 1119011115
1480 2782 1555 2824 con·

440 2893 599 2959 clusiones
622 2888 714 2954 nobis
737 2885 893 2951 insinuari
916 2889 949 2950 et
971 2885 1063 2970 quasi
1086 2885 1237 2949 instillari
1259 2884 1445 2962 sentiamus,
1461 2905 1554 2968 quam

439 3020 478 3083 ut
502 3015 652 3080 distincte
667 3010 810 3098 singulas
824 3010 974 3087 rationes,
988 3010 1104 3092 quibus
1127 3009 1305 3091 illaenobis
1325 3008 1556 3092 persuadentur

438 3141 655 3214 observemus,
675 3134 802 3219 juvabit
823 3133 937 3217 opinor
959 3134 992 3197 in
1016 3134 1054 3198 iis
1072 3133 1284 3210 sermonibus,
1309 3133 1365 3216 qui
1387 3132 1464 3196 huic
1486 3130 1554 3196 loco

438 3263 542 3350 magis
567 3259 762 3326 conveniunt
785 3256 894 3341 paullo
917 3257 1038 3321 diutius
1061 3257 1235 3321 immorari.
1261 3255 1405 3339 Cumque
1430 3254 1554 3341 longior

439 3389 482 3454 sit
507 3386 636 3452 omnino
670 3382 749 3447 haec
779 3380 939 3447 Ciceronis
965 3383 1163 3466 disputatio,
1187 3403 1283 3466 quam
1314 3384 1350 3444 ut
1373 3379 1467 3446 facile
1489 3402 1553 3444 me·

438 3513 541 3578 moria
564 3506 866 3591 comprehendatur,
889 3506 970 3570 illud
993 3511 1157 3591 praestare
1186 3505 1393 3584 conabimur,
1417 3509 1454 3570 ut
1483 3507 1552 3570 uni·

438 3657 564 3702 versam
588 3630 819 3696 sententiarum
843 3630 956 3694 seriem
970 3625 1148 3714 repetentes
1172 3634 1204 3694 et
1227 3631 1319 3714 quasi
1337 3633 1372 3695 in
1384 3636 1552 3716 conspectu

438 3764 614 3848 ponentes,
637 3779 674 3821 ea
697 3755 882 3842 diligentins
906 3754 1178 3838 contemplemur,
1200 3777 1282 3839 quae
1305 3754 1346 3818 ed
1367 3754 1458 3820 illam
1481 3757 1552 3821 doc·

438 3887 569 3962 trinam,
582 3903 678 3967 quam
699 3879 848 3959 diximus,
861 3885 918 3944 aut
942 3878 1174 3962 explanandam
1197 3883 1254 3943 aut
1273 3879 1552 3946 commendandam

437 4010 542 4097 magis
560 4006 754 4094 pertineant.

436 4241 596 4256 w

473 4415 723 4492 Dffiffllffl
