3404 5198
742 587 784 654 39

202 797 346 864 Tertiam
360 804 467 866 autem
480 801 648 878 rationem,
661 824 743 886 quae
751 824 790 866 ex
798 802 868 886 ipsa
876 800 1060 866 delinitione
1069 799 1147 862 artis
1159 801 1322 882 peteretur

201 923 253 987 ita
271 924 367 989 refert
390 924 569 989 Antonius:
602 924 737 990 »Artem
763 947 836 990 vcro
859 924 1001 1011 negabat
1023 945 1090 988 esse
1114 922 1233 999 ullam,
1261 921 1321 986 nisi

201 1069 286 1131 quae
307 1049 443 1133 cognitis
466 1049 656 1134 penitusque
679 1049 852 1134 perspectis
875 1053 907 1112 et
923 1049 956 1112 in
976 1071 1075 1113 unum
1094 1047 1215 1112 exitum
1232 1068 1322 1130 speo-

202 1172 348 1236 tantibus
377 1177 409 1237 et
432 1196 607 1258 numquam
635 1173 823 1239 fallentibus
846 1174 942 1238 rebus
972 1170 1199 1236 contineretur.
1233 1169 1321 1235 Haec

201 1297 311 1359 autem
334 1297 461 1373 omnia,
489 1319 572 1380 quae
603 1301 823 1363 tractarentur
843 1297 886 1362 ab
914 1295 1106 1372 oratoribus,
1130 1294 1227 1358 dubia
1250 1316 1317 1358 esse

202 1422 238 1483 et
261 1419 391 1496 incerta,
414 1421 565 1504 quoniam
588 1426 622 1486 et
645 1421 823 1487 dicerentur
846 1422 887 1486 ab
911 1421 966 1498 eis,
993 1420 1048 1504 qui
1071 1442 1109 1484 ea
1128 1418 1236 1483 omnia
1255 1439 1320 1482 non

201 1543 300 1627 plane
333 1547 501 1622 tenerent,
526 1550 559 1610 et
590 1547 779 1612 audirentur
813 1547 944 1622 abeis,
976 1544 1094 1628 quibus
1125 1564 1188 1607 non
1218 1542 1321 1605 scien·

201 1667 252 1732 tia
274 1672 355 1732 esset
376 1670 552 1747 tradenda,
583 1671 638 1734 sed
665 1670 773 1755 exigui
796 1669 950 1753 temporis
973 1671 1029 1732 aut
1052 1666 1135 1730 falsa
1157 1669 1213 1729 aut
1236 1669 1321 1729 certe

200 1792 339 1857 obscura
361 1792 501 1876 opinio'’.
527 1833 568 1844 -
593 1794 714 1869 Quibus
737 1791 934 1859 Charmadas
962 1790 1130 1856 sententiis
1152 1789 1319 1866 adductus,

200 1938 286 2001 quae
309 1917 491 1982 dictasunt
514 1942 533 1982 a
554 1917 668 1982 Crasso
691 1918 740 1981 ita
762 1917 900 2001 probat,
929 1920 966 1980 ut
989 1919 1097 1979 tamen
1121 1914 1255 1978 disertos
1279 1913 1320 1977 ab

200 2039 427 2124 eloquentibus
455 2041 627 2125 disjungat.
663 2040 804 2125 »Scripsi
831 2041 953 2117 etiam,
974 2039 1102 2123 inquit,
1125 2038 1260 2122 quodam
1286 2038 1319 2101 iu

199 2162 325 2239 libello,
359 2162 493 2228 disertos
519 2187 570 2228 me
593 2186 745 2251 cognosse
776 2165 956 2240 nonnullos,
984 2163 1187 2246 eloquentem
1215 2160 1319 2226 adhuc

200 2286 376 2364 neminem,
389 2326 429 2335 —
443 2289 528 2372 quod
555 2311 628 2353 eum
656 2288 837 2354 statuebam
860 2289 1027 2366 disertum,
1048 2287 1103 2372 qui
1120 2290 1228 2371 posset
1239 2285 1318 2350 satis

197 2413 294 2474 acute
323 2414 420 2494 atque
451 2411 586 2476 dilucide
613 2413 697 2496 apud
724 2413 896 2478 mediocres
927 2412 1072 2477 homines
1095 2434 1134 2474 ex
1157 2411 1318 2475 communi

197 2533 338 2618 quadam
362 2533 510 2618 opinione
533 2535 647 2613 dicere,
670 2534 874 2620 eloquentem
895 2559 981 2614 vero,
1004 2536 1060 2621 qui
1083 2534 1262 2600 mirabilius
1286 2539 1318 2600 et

198 2657 460 2742 magnificentius
483 2681 601 2745 augere
627 2664 734 2744 posset
753 2664 851 2745 atque
874 2682 999 2738 ornare,
1024 2682 1106 2745 quae
1126 2658 1318 2736 1111111111-

198 2800 322 2864 aesque
348 2783 491 2847 omnium
505 2805 622 2860 rerum,
641 2805 722 2866 quae
734 2785 774 2848 ad
791 2784 957 2849 dicendum
982 2784 1191 2868 pertinerent,
1214 2784 1318 2848 fontes

197 2905 308 2970 animo
331 2929 369 2970 ac
382 2909 534 2972 memoria
545 2907 754 2972 contineret.''
778 2908 848 2973 Hoc
861 2908 989 2992 quidem
1001 2907 1226 2973 difficillimum
1238 2928 1316 2973 esse.

196 3030 273 3095 Non
297 3032 446 3116 desperat
467 3036 575 3096 tamen
597 3033 666 3097 fore
688 3033 827 3115 aliquem
851 3030 1023 3116 aliquando
1045 3031 1121 3114 »qui
1144 3034 1177 3094 et
1199 3030 1316 3106 studio,

196 3154 317 3238 inquit,
342 3155 474 3233 acriore,
497 3178 594 3240 quam
618 3179 675 3220 nos
698 3179 808 3221 sumus
832 3159 929 3241 atque
952 3155 1197 3219 fuimusetotio
1217 3177 1254 3219 ac
1269 3155 1318 3218 fa-

195 3277 318 3343 cultate
342 3278 482 3344 discendi
505 3281 626 3364 majore
649 3303 686 3345 ac
709 3281 882 3345 maturiore
906 3284 938 3344 et
962 3279 1071 3344 labore
1094 3283 1191 3362 atque
1209 3280 1318 3344 indus·
1376 3335 1382 3344 .

196 3402 263 3466 tria
273 3402 449 3487 superiore,
461 3427 532 3469 cum
545 3427 579 3469 se
590 3405 630 3468 ad
643 3405 844 3481 audiendum,
857 3404 1038 3490 legendum,
1051 3403 1315 3488 scribendumque

194 3527 330 3603 dederit,
354 3527 472 3592 existat
494 3528 569 3593 talis
590 3532 709 3605 orator,
735 3528 861 3612 qualem
885 3528 1079 3611 quaerimus,
1095 3528 1150 3610 qui
1163 3529 1236 3611 jure
1253 3550 1316 3593 non

195 3649 303 3715 solum
327 3651 465 3716 disertus
487 3654 542 3717 sed
565 3653 662 3717 etiarn
686 3652 837 3736 eloquens
860 3650 922 3714 dici
946 3651 1080 3735 possit.''

244 3773 382 3838 Paulum
416 3775 488 3838 inde
511 3797 636 3852 morae;
673 3775 881 3862 gratulantur
912 3775 996 3839 inter
1026 3795 1059 3839 se
1091 3775 1251 3860 Sulpicius
1283 3781 1316 3842 et

198 3898 320 3975 Cotta,
351 3898 436 3983 quod
458 3899 491 3962 in
515 3899 607 3965 11111111
630 3923 809 3966 sermonem
832 3899 954 3983 delapsi
977 3899 1051 3964 sint.
1085 3900 1159 3965 Jam
1184 3899 1316 3966 Crassus

199 4023 392 4087 sententiam
415 4029 549 4110 rogatus
569 4026 791 4091 »existimatae
807 4027 907 4088 artem
923 4023 1064 4107 aliquam
1080 4046 1147 4088 esse
1160 4025 1314 4103 dicendi'',

200 4152 370 4231 postquam
410 4150 463 4214 diu
497 4173 565 4216 sese
594 4150 804 4235 respondendi
837 4149 961 4212 muneri
1000 4149 1102 4214 facete
1137 4150 1315 4228 subtraxit,

203 4293 333 4355 carpens
355 4274 507 4338 nimirum
532 4274 725 4351 Graeculos,
752 4274 791 4337 ad
819 4272 1071 4356 respondendum
1102 4274 1140 4338 de
1168 4273 1316 4338 omnibus

204 4395 296 4460 rebus
333 4401 486 4483 paratos3
517 4399 645 4462 tandem
676 4398 812 4464 multum
847 4397 1014 4462 lacessitus
1037 4397 1083 4462 ita
1106 4400 1314 4482 pronunciat:
