3404 5198
971 546 1014 634 34

433 782 535 846 neque
559 761 699 846 praemia
720 763 839 841 desint,
863 761 1080 828 incredibilem
1105 763 1151 829 rei
1176 763 1430 850 magnitudinem
1454 766 1553 848 atque

434 886 655 951 difficultatem
673 887 880 954 demonstrat.
906 887 943 952 ld
958 889 1043 971 quod
1062 909 1100 953 eo
1112 887 1300 974 explicatur,
1318 887 1403 972 quod
1415 886 1553 952 oratoris

435 1033 550 1074 munus
573 1011 615 1075 sit
638 1011 783 1096 pluribus
807 1034 846 1075 ex
869 1011 991 1076 artibus
1006 1011 1184 1095 studiisque
1203 1010 1382 1088 collectum.
1405 1010 1552 1076 Primum

434 1135 560 1218 quidem
586 1158 652 1200 esse
675 1137 838 1200 scientiam
863 1136 1190 1220 comprehendendam
1201 1157 1308 1216 ¹rerum
1325 1133 1550 1218 plurimarum,

433 1261 506 1324 dein
528 1261 631 1324 multa
658 1260 844 1326 etiamalio
872 1260 1050 1326 necessaria
1081 1283 1170 1336 esse;
1201 1260 1338 1325 oratoris
1365 1259 1449 1324 enim
1482 1281 1550 1324 esse

433 1385 520 1450 omni
544 1385 582 1450 de
607 1406 651 1462 re,
674 1407 893 1469 quaecumque
916 1385 1145 1470 sitproposita,
1166 1389 1279 1451 ornate
1295 1383 1486 1470 copioseque
1501 1383 1549 1447 di·

433 1530 520 1584 cere;
556 1508 714 1574 neminem
740 1508 841 1595 igitur
864 1509 951 1573 omni
973 1507 1068 1574 laude
1091 1508 1291 1574 cumulatum
1314 1529 1398 1586 esse,
1420 1506 1483 1572 nisi
1505 1507 1550 1571 sit

434 1634 577 1700 omnium
606 1655 712 1698 rerum
736 1655 925 1720 magnorum
948 1639 1046 1718 atque
1069 1635 1186 1700 artium
1210 1633 1375 1700 scientiam
1399 1652 1550 1698 consecu-

432 1763 495 1823 tus.
520 1757 669 1822 »Etenim
694 1780 733 1822 ex
756 1779 862 1823 rerum
886 1759 1079 1843 cognitione,
1101 1759 1217 1843 inquit,
1242 1757 1420 1823 efflorescat
1444 1759 1476 1820 et
1498 1779 1550 1821 re-

412 1933 415 1938 .
429 1883 554 1960 tundet
566 1886 693 1968 oportet
704 1881 840 1947 orati0”.
854 1922 894 1930 —
915 1882 964 1948 Ne
976 1887 1082 1948 temen
1096 1884 1258 1968 perfectae
1270 1881 1471 1968 eloquentiae
1490 1881 1552 1946 dil-

366 2071 369 2078 ,
433 2007 577 2072 ficultete
600 2007 761 2071 deterreat
784 2027 854 2083 eos,
877 2028 957 2090 quos
980 2007 1020 2071 ad
1048 2029 1117 2072 eam
1141 2007 1393 2092 persequendam
1421 2004 1549 2071 allicere

434 2131 552 2215 cupiat,
575 2131 622 2195 ite
645 2130 754 2194 stetim
778 2152 956 2196 sermonem
979 2153 1072 2196 suum
1094 2134 1271 2215 temperat,
1303 2135 1340 2194 nt
1364 2129 1492 2194 tametsi
1515 2129 1549 2194 in

433 2255 549 2320 summi
578 2253 714 2320 oratoris
744 2254 776 2318 vi
806 2254 884 2319 haec
915 2255 1023 2320 omnia
1046 2256 1202 2322 contineri
1224 2254 1408 2333 contendit,
1439 2257 1549 2318 tamen

432 2381 472 2444 iis
499 2401 645 2463 quoque,
668 2378 779 2463 quiin
804 2379 880 2443 solie
904 2379 1083 2444 forensibus
1107 2379 1391 2466 disceptationibus
1410 2376 1548 2462 judicio-

433 2527 503 2570 rum
539 2526 576 2569 ac
598 2503 862 2582 deliberationum
888 2510 1063 2584 versentur,
1087 2507 1224 2576 oratoris
1247 2525 1366 2570 nomen·
1384 2501 1546 2567 concedat.

433 2627 567 2712 Itaque:
594 2645 678 2692 »non
701 2628 916 2713 complectar,
945 2629 1070 2714 inquit,
1100 2630 1134 2694 in
1168 2629 1219 2694 his
1241 2627 1332 2694 libris
1355 2626 1546 2711 plusquam

432 2753 617 2836 quotl‘lruic
639 2753 761 2838 generi,
785 2776 818 2818 re
840 2755 986 2840 quaesite
1009 2760 1042 2819 et
1065 2755 1202 2822 multum
1219 2755 1393 2838 disputata,
1406 2773 1546 2819 summo·

425 2902 503 2950 ,rum
521 2878 689 2946 hominum
711 2901 811 2963 prope
833 2900 988 2944 consensu
1012 2883 1061 2944 est
1084 2880 1274 2944 tributum”.
1298 2877 1436 2961 Jamque
1458 2880 1545 2939 tran·

432 3002 475 3068 sit
499 3003 538 3066 ad
561 3003 665 3086 ipsum
678 3002 840 3089 dialogum
853 2977 1065 3082 referendum,
1089 3003 1204 3068 »sicuti
1221 3025 1294 3068 eum
1308 2999 1407 3066 Cotta
1417 3019 1546 3064 narrare

432 3126 587 3192 solebat.''
679 3193 680 3196 ,

475 3249 608 3315 Crassus
624 3251 734 3338 igitur,
748 3251 839 3334 cujus
851 3273 1013 3316 sermones
1026 3251 1121 3336 longe
1140 3253 1293 3335 majorem
1310 3255 1433 3335 partem
1450 3247 1546 3335 primi

431 3374 506 3440 libri
529 3375 674 3459 implent,
698 3398 769 3440 cum
794 3374 940 3440 aulaeum
964 3376 1131 3459 premitur,
1156 3376 1322 3460 magnifiee
1346 3377 1384 3441 (le
1407 3379 1546 3440 suaarte

431 3499 612 3583 praedicet:
648 3499 785 3564 oratoris
817 3499 1003 3566 facultatem
1031 3500 1144 3566 ceteris
1179 3501 1326 3566 omnibus
1355 3500 1545 3585 anteponit,

431 3625 614 3709 primasque
636 3624 664 3688 ei
688 3624 721 3688 in
741 3628 856 3707 pacata
879 3647 913 3690 re
936 3625 1065 3708 publica
1087 3629 1194 3710 partes
1214 3626 1345 3691 tribuit:
1370 3647 1438 3691 esse
1462 3624 1545 3690 enim

431 3749 515 3814 nihil
537 3749 766 3826 admirabilius,
786 3750 968 3833 jucundius,
986 3749 1109 3827 utilius,
1125 3773 1221 3834 quam
1241 3773 1341 3816 unum
1353 3749 1498 3834 possead
1513 3769 1545 3812 se

431 3878 616 3938 convertere
640 3875 780 3940 omnium
793 3873 909 3938 civium
923 3873 1063 3949 animos;
1087 3873 1168 3938 nihil
1185 3897 1251 3940 esse
1263 3875 1367 3960 magis
1381 3874 1545 3959 proprium

429 3989 641 4064 humanitatis
665 4021 761 4082 quam
786 4021 963 4064 sermonem
986 3999 1125 4064 facetum
1149 4021 1186 4064 ac
1208 3999 1300 4066 nulle
1323 3999 1354 4062 in
1380 4022 1415 4064 re
1434 3999 1543 4064 rudem

430 4123 464 4206 (i.
478 4145 504 4188 e.
529 4125 704 4208 perfectum
729 4123 762 4188 in
786 4123 901 4207 omni);
925 4144 990 4206 quo
1012 4122 1068 4206 qui
1091 4123 1236 4201 excellat,
1259 4123 1463 4190 eoexcellere
1481 4145 1544 4207 quo

427 4247 572 4320 homiues
595 4248 730 4316 maxime
753 4248 837 4315 inter
861 4247 1038 4314 animantia
1063 4247 1238 4313 excellent:
1271 4249 1362 4316 >Hoc
1386 4249 1471 4316 enim
1494 4250 1543 4316 in-

425 4373 496 4464 quit
519 4377 806 4460 uno'preestsmus
827 4371 878 4436 vel
901 4372 1038 4439 maxime
1060 4372 1155 4453 feris,
1178 4375 1263 4458 qnod
1288 4373 1429 4461 colloqui
1458 4374 1542 4442 inter
