3404 5198
704 587 747 656 33

209 804 284 869 Jam
305 827 324 868 a
347 802 503 869 librorum
526 804 681 871 divisione
703 805 900 871 incho'e‘mus.
933 805 1022 890 Opus
1055 827 1168 886 omne,
1199 805 1282 871 sicut

162 927 296 1005 fabula,
338 929 456 993 »trium
489 929 660 1008 actuum’',
695 932 732 995 ut
766 930 957 1015 loquuntur,
994 930 1131 995 divisum
1166 933 1214 996 est
1248 931 1282 995 in

163 1073 328 1116 sermones
351 1056 434 1131 tres,
465 1052 582 1137 quibus
610 1053 746 1140 singulis
774 1053 903 1134 Cicero,
933 1076 1032 1138 quum
1055 1053 1191 1142 dialogis
1214 1054 1282 1139 ipsa

163 1199 229 1241 non
252 1177 402 1254 intersit,
431 1177 523 1260 qnasi
551 1177 730 1261 πρόσωπον
758 1201 856 1266 agens
886 1178 1082 1265 προτατικόν
1112 1177 1283 1265 prologum

163 1300 353 1384 praemittit.
380 1299 495 1364 Lucius
509 1322 584 1365 vero
608 1300 749 1366 Licinius
770 1301 901 1367 Crassus
925 1307 958 1368 et
977 1303 1105 1368 Marcus
1123 1303 1283 1368 Antonius

164 1424 284 1508 primas
309 1429 416 1508 partes
438 1424 472 1489 in
494 1410 605 1489 fabula
628 1424 796 1503 sustinent,
810 1428 944 1509 uterque
960 1425 1135 1491 consularis
1161 1431 1193 1491 et
1210 1449 1283 1492 oen·

164 1549 277 1627 sorius,
303 1553 534 1634 atquesumma
551 1549 674 1613 dicendi
697 1549 792 1614 laude
816 1550 1135 1635 vitaeqnegravitate
1158 1551 1283 1634 conspi-

165 1693 262 1742 cuum
286 1671 434 1756 aequales
464 1671 513 1736 illi
544 1671 673 1756 quidem
702 1673 787 1737 inter
809 1695 858 1752 se,
883 1672 1034 1738 Cicerone
1062 1677 1169 1739 autem
1193 1672 1283 1738 XXX

165 1798 266 1861 sermo
289 1797 382 1861 annis
406 1795 551 1879 majores.
587 1794 750 1860 Secundae
774 1818 850 1861 vero
881 1800 988 1880 partes
1021 1797 1054 1861 in
1089 1799 1194 1882 primo
1217 1819 1284 1862 ser·

165 1938 259 1985 mono
289 1924 429 2006 aguntur
463 1942 481 1984 a
514 1919 549 1994 Q.
580 1919 686 1984 Mucio
719 1919 875 1985 Scaevola
904 1920 942 1996 Q.
977 1921 1013 1986 F.
1045 1921 1201 2008 Augure,
1225 1922 1282 2006 qui

162 2045 233 2128 jam
257 2048 364 2108 aetate
392 2065 487 2108 senex
511 2048 560 2107 est
584 2046 680 2126 atque
702 2043 803 2126 ipsius
827 2042 933 2107 Crassi
957 2065 1056 2109 socer.
1079 2043 1171 2108 Illius
1199 2045 1284 2110 vices
1341 2093 1344 2101 .

165 2169 200 2232 in
228 2167 359 2250 reliquis
386 2167 653 2232 collocutionibus
680 2167 817 2232 subeunt
853 2189 933 2251 »par
963 2167 1071 2234 nobile
1106 2169 1282 2248 fratrum,'’

166 2294 204 2368 Q.
229 2292 377 2358 Lutatius
407 2290 542 2356 Catulus
566 2295 598 2356 et
625 2289 660 2356 C.
683 2290 790 2356 Julius
822 2291 938 2357 Caesar
966 2291 1082 2358 Strabo
1111 2291 1284 2377 Vopiscns;

169 2416 319 2481 Publium
341 2401 449 2480 autern
480 2414 657 2499 Sulpicium
688 2415 810 2479 [tufum
838 2419 870 2480 et
901 2414 1130 2498 C.·.3Aurelium
1154 2414 1283 2482 Cottam

168 2541 391 2626 tritagonistas
427 2561 493 2605 esse
520 2562 585 2605 non
614 2539 749 2604 absurde
780 2540 907 2604 dixeris.
942 2533 985 2605 ‘H
1011 2539 1073 2624 μὲν
1103 2545 1200 2630 σκηνὴ
1226 2545 1285 2606 τοῦ

165 2666 351 2754 δράματος,
384 2669 422 2728 ut
457 2662 591 2728 solemni
626 2662 873 2727 scholiastarum
909 2685 1054 2729 sermons
1092 2662 1283 2747 loquamur,

171 2784 344 2856 sinuessano
365 2787 399 2852 in
423 2786 528 2853 Crassi
554 2786 745 2851 Tusculano.
788 2787 971 2873 Finguntur
994 2791 1101 2854 autem
1124 2811 1285 2856 sermones

166 2913 279 2978 haberi
303 2911 456 2997 Philippo
471 2908 607 2975 consule
630 2913 663 2974 et
685 2910 721 2974 L.
746 2909 881 2975 Caesare
904 2911 925 2974 i.
954 2934 980 2977 e.
1006 2934 1090 2979 anno
1115 2914 1155 2978 91
1181 2936 1210 2978 a.
1237 2914 1285 2995 C.,

166 3042 311 3120 tempore
333 3035 485 3101 feriarum
509 3033 707 3098 Latinarum.
725 3073 765 3083 -
789 3033 864 3098 Jam
886 3034 919 3098 in
939 3035 1088 3125 prologo,
1110 3059 1242 3105 exorsus
1265 3062 1285 3104 a

166 3159 468 3228 commemoratione
492 3161 672 3242 temporum
695 3180 824 3223 suorum
853 3158 1192 3244 turbulentiam,quae
1215 3163 1285 3248 ipsa

167 3309 224 3351 sua
247 3284 418 3364 atrocitate
436 3282 538 3346 otium
562 3284 602 3347 ad
625 3285 825 3350 scribendum
840 3285 986 3362 offerant,
998 3306 1072 3348 mox
1092 3305 1160 3348 sese
1172 3283 1283 3350 Cicero

167 3410 206 3474 ad
230 3410 365 3474 fratrem
389 3407 556 3485 convertit,
579 3407 669 3490 cujus
691 3408 798 3494 gratia
821 3429 854 3471 se
867 3429 1016 3492 praesens
1031 3431 1111 3492 opus
1125 3408 1283 3492 suscipere

167 3532 348 3616 profitetur.
374 3531 461 3596 Duas
484 3531 557 3595 dein
574 3531 672 3595 refert
696 3532 734 3595 de
746 3536 862 3595 natura
876 3529 1077 3615 eloquentiae
1093 3534 1280 3599 sententias:

98 3715 102 3725 ,
168 3676 274 3732 unam,
288 3675 370 3736 quae
382 3655 443 3738 ipsi
466 3654 638 3737 probatur:
663 3655 880 3740 eloquentiam
902 3656 987 3720 inter
1004 3661 1089 3721 artes
1111 3680 1284 3723 numeran-

167 3779 239 3842 dam
264 3799 354 3854 esse3
378 3778 503 3856 altera,
526 3801 607 3862 quae
631 3779 749 3855 Quinto
774 3779 939 3858 tribuitur,
962 3803 999 3845 ea
1022 3785 1085 3846 est:
1111 3786 1213 3848 totam
1236 3783 1284 3846 di-

167 3903 258 3968 cendi
282 3903 442 3968 rationem
477 3905 509 3967 in
545 3905 681 3988 quodam
705 3905 826 3991 ingenii
849 3907 946 3988 atque
968 3906 1205 3971 exercitationis
1227 3929 1284 3994 gc·

166 4048 241 4092 nere
266 4049 333 4092 esse
353 4028 502 4111 positam.
535 4027 611 4092 Mox
641 4029 771 4116 egregio
795 4029 932 4113 quodam
960 4029 1115 4107 artificio,
1138 4036 1171 4096 ot
1192 4053 1284 4097 suam

167 4152 280 4216 suadet
305 4153 508 4230 sententiam,
531 4153 792 4238 eteloquentiam
816 4151 998 4218 extollendo
1022 4159 1120 4239 atque
1131 4155 1284 4233 ornando,

167 4275 325 4341 lectorum
349 4275 472 4340 animos
495 4276 557 4341 sibi
581 4274 746 4340 conciliat:
776 4298 814 4340 ex
842 4277 1005 4360 paucitate
1034 4282 1197 4344 oratorum
1229 4302 1284 4344 ex-

166 4401 364 4480 callentium,
381 4423 453 4467 cum
473 4404 581 4469 tamen
602 4420 706 4486 neque
726 4421 849 4478 causae,
861 4421 965 4487 neque
981 4402 1073 4487 copia
1085 4403 1284 4483 discentium,

1195 4513 1213 4572 ³
