3404 5198
959 533 1002 603 24

423 771 498 816 vero
522 750 677 836 epistolae
699 749 789 829 illae,
812 773 894 836 quae
917 754 1066 830 exstant,
1094 749 1177 815 nihil
1210 749 1298 816 aliud
1332 773 1391 816 nos
1424 751 1544 816 docent

422 877 484 941 nisi
513 877 640 942 Tironis
674 900 747 942 eum
781 877 878 941 fuisse
912 877 1177 942 amantissimum.
1202 877 1228 960 ¹)
1264 877 1402 942 Illumne
1436 878 1542 964 igitur·

422 1001 526 1065 virum
551 1006 617 1065 tam
639 1025 752 1086 parum
776 1002 814 1066 dc
837 1006 905 1066 arte
930 1002 1070 1066 oratoria
1093 1002 1278 1080 sollicitum,
1301 1002 1357 1086 qui
1365 1004 1432 1088 jam
1445 1024 1541 1086 prac-

421 1126 533 1204 torius,
558 1149 630 1191 mox
654 1125 798 1192 Caesaris
819 1124 945 1212 legatus
968 1127 1001 1190 iu
1025 1126 1147 1191 Callias
1170 1131 1252 1191 esset
1277 1127 1488 1210 profecturus,
1501 1127 1541 1190 de

394 1303 396 1307 .
422 1249 545 1314 ratione
568 1250 770 1335 eloquentiae
793 1253 916 1316 crudire
938 1255 1035 1336 atque
1051 1252 1174 1338 magnis
1194 1251 1361 1316 conatibus
1374 1273 1540 1315 erroneam

422 1373 460 1437 de
484 1377 611 1438 oratore
635 1375 827 1439 sententiam
851 1376 1000 1441 dedocere
1023 1375 1127 1440 voluit
1150 1374 1284 1440 Cicero?
1301 1375 1540 1439 —Mirandum

423 1507 507 1566 certe
530 1523 594 1565 non
618 1504 666 1564 est
690 1500 785 1585 quod,
810 1522 882 1563 cum
906 1499 1155 1565 Marcuseodcm
1176 1498 1540 1583 anuo,quocomposuit

423 1626 523 1690 libros
548 1627 606 1689 »de
631 1625 785 1690 Oratore’'
811 1624 907 1688 etiam
932 1630 997 1689 tres
1019 1625 1119 1689 libros
1142 1625 1284 1690 versibus
1308 1622 1467 1697 edidisset,
1484 1622 1540 1705 qui

425 1751 484 1814 >de
507 1750 704 1833 temporibus
728 1749 827 1813 meis''
848 1748 1104 1813 inscribebantur
1117 1751 1153 1833 ²),
1179 1752 1352 1831 utrumque
1363 1768 1443 1829 opus
1455 1769 1488 1810 se
1500 1746 1541 1809 ad

424 1873 596 1939 Lentulum
621 1875 791 1938 missurum
815 1895 881 1937 esse
904 1872 1093 1957 pollicetur3
1115 1873 1149 1937 in
1179 1871 1322 1956 epistolis
1358 1875 1465 1934 autem
1500 1870 1540 1934 ad

425 1998 578 2073 Quintum
601 1999 746 2076 fratrem,
769 1998 806 2062 de
830 1999 973 2062 versibus
991 2001 1123 2062 tantum
1147 1999 1185 2062 fir
1209 1996 1346 2061 mentio:
1371 1995 1409 2060 de
1433 1999 1541 2060 orato·

424 2123 480 2186 riis
504 2123 593 2186 libris
616 2118 690 2188 οὐδὲ
710 2129 777 2208 γρῦ.

469 2247 576 2333 Igitur
598 2247 740 2311 caritatis
764 2247 836 2323 fuit,
864 2247 925 2310 nisi
949 2245 1055 2323 fallor,
1078 2246 1301 2329 fraternaeque
1313 2246 1443 2330 pietatis
1456 2244 1539 2328 quod

422 2371 522 2436 libros
545 2372 618 2436 illos
642 2371 761 2447 Quinto
784 2370 917 2434 dicarit:
942 2391 1037 2434 causa
1060 2391 1136 2434 vero
1159 2373 1255 2454 atque
1288 2369 1362 2434 finis
1392 2369 1540 2454 scriptio·

423 2495 472 2558 nis
496 2494 622 2559 aliunde
645 2494 835 2577 repetendus
858 2497 916 2557 est.

468 2619 551 2694 Quid
573 2619 694 2705 igitur?
717 2618 842 2684 Illudne
865 2621 1054 2695 statuamus,
1077 2618 1159 2682 nihil
1173 2619 1270 2683 'aliud
1293 2618 1431 2685 voluisse
1451 2617 1539 2684 Cice-

422 2744 617 2821 ronem,nisi
641 2764 838 2807 summorum
861 2746 1026 2806 oratorum
1051 2742 1158 2807 divina
1181 2742 1266 2807 dicta
1289 2744 1408 2808 litteris
1431 2748 1536 2808 custo·

423 2869 499 2944 dire,
524 2867 628 2930 Crassi
650 2865 848 2950 Antoniique
875 2865 1003 2930 laudem
1026 2867 1095 2951 jam
1129 2889 1227 2950 prope
1261 2872 1476 2932 senescentem
1499 2866 1538 2932 ah

423 2993 583 3058 oblivione
606 2991 788 3055 vindicare?
812 2989 895 3054 Nam
919 2990 999 3053 illud
1023 3012 1150 3074 quoque
1173 2991 1266 3055 initio
1291 2989 1333 3053 Ili
1349 2991 1425 3055 libri
1438 2991 1538 3076 signi·

423 3119 517 3182 ficare
531 3117 665 3181 videtur.
679 3115 813 3179 Pietatis
830 3114 930 3198 igitur
943 3114 1049 3197 potius
1061 3117 1158 3197 atque
1184 3115 1355 3178 memoriae
1379 3116 1538 3200 specimen

423 3242 515 3306 nobis
538 3241 625 3305 dedit
649 3240 735 3303 hisce
758 3237 967 3316 sermonibus
981 3261 1076 3322 quam
1092 3237 1268 3322 sapientiae
1280 3242 1313 3300 et
1326 3237 1537 3303 eruditionis?

423 3365 505 3430 Sane
528 3370 560 3428 et
584 3363 761 3446 Xenophon
786 3362 818 3424 in
845 3360 1105 3425 Menrorabilibus
1130 3365 1161 3425 ct
1192 3361 1286 3426 Plato
1308 3361 1342 3424 in
1377 3361 1539 3426 nonnullis

424 3489 558 3575 dialogis
581 3487 720 3571 genuina
743 3486 890 3571 magistri
914 3486 1000 3550 dicta
1022 3486 1220 3568 posteritatis
1243 3484 1415 3549 memoriae
1439 3485 1538 3550 tradi-

424 3614 506 3677 disse
529 3612 766 3676 existimantur:
784 3633 860 3672 num
885 3609 1039 3692 ejusmodi
1051 3609 1171 3692 aliquid
1183 3608 1325 3674 hocloco
1338 3608 1376 3672 de
1389 3607 1539 3674 Cicerone

424 3736 645 3820 opinabimur?
669 3734 801 3798 Minime
827 3755 910 3798 vero.
937 3773 975 3780 -
1002 3731 1204 3816 Quamquam
1226 3755 1388 3798 sermones
1416 3733 1466 3798 illi
1490 3735 1540 3799 in·

424 3860 581 3925 choantur
603 3858 664 3922 hac
688 3857 842 3921 formula:
869 3856 951 3932 albi,
975 3859 1011 3919 ut
1034 3879 1072 3920 ex
1096 3857 1232 3940 pristino
1256 3858 1538 3924 sermouerelaxa-
1564 3919 1565 3922 ,

423 3993 534 4050 rentur
558 3983 655 4046 animi
680 3983 840 4058 omnium,
865 3980 988 4044 solebat
1011 3979 1107 4045 Cotta
1130 4003 1275 4060 narrare,
1300 3979 1449 4047 Crassum
1472 4005 1540 4048 ser-

458 4291 487 4353 r)
505 4287 578 4342 ram.
598 4289 615 4340 r.
635 4285 704 4340 xvr,
725 4288 752 4352 a,
773 4286 820 4351 ro,
839 4285 888 4350 aa,
906 4285 948 4336 ar.

458 4381 486 4446 2)
501 4377 554 4432 cfr.
573 4379 636 4430 fam·
655 4374 675 4430 l.
694 4377 719 4432 9.
