3404 5198
730 604 771 674 27

189 847 265 893 cum
287 825 481 892 obscuritate
503 823 709 911 Pythagorae
731 826 764 888 ct
786 845 858 889 cum
880 821 938 888 illa
960 819 1171 910 plurimarum
1187 821 1306 890 artium

190 952 354 1038 grauitate
376 947 571 1016 conteruit.'’
594 947 620 1030 1)
644 947 696 1013 Sic
715 949 811 1013 etiam
828 950 862 1013 in
882 945 969 1013 hisce
988 947 1080 1013 libris
1097 946 1207 1013 Cicero
1227 947 1306 1012 satis

190 1075 353 1161 siguificat
375 1097 409 1139 se
432 1073 497 1138 alia
519 1096 625 1160 agere,
638 1095 734 1158 quam
754 1072 859 1137 Crassi
879 1072 1078 1157 Antoniique
1095 1072 1249 1137 sermonis
1269 1071 1308 1136 ad

190 1199 326 1264 verbum
349 1199 477 1264 referre.
502 1197 586 1263 Nam
610 1199 669 1262 etsi
691 1195 882 1281 proclamat:
908 1195 1048 1272 »Quodsi
1071 1196 1143 1280 quis
1158 1195 1231 1274 erit,
1252 1191 1308 1278 qui

190 1322 307 1386 ductus
334 1322 483 1407 opinione
508 1321 599 1407 vulgi
627 1325 683 1386 aut
706 1321 886 1386 Antonium
913 1320 1104 1404 jejuniorem
1133 1321 1190 1384 aut
1213 1317 1309 1384 Cras·

189 1467 264 1509 sum
286 1444 461 1529 pleniorem
484 1446 580 1509 fuisse
602 1449 706 1529 putet,
730 1466 827 1528 quam
850 1443 1008 1528 quomodo
1032 1442 1155 1508 anobis
1174 1446 1309 1526 uterque

188 1568 341 1633 inductus
365 1574 434 1648 cst,
464 1570 491 1633 is
513 1569 574 1633 erit
601 1590 639 1633 ex
661 1568 701 1632 iis
724 1567 779 1652 qui
803 1572 860 1632 aut
882 1566 955 1630 illos
978 1588 1042 1630 non
1066 1567 1227 1631 audierint
1251 1567 1308 1630 aut

184 1695 332 1780 judicare
356 1716 420 1759 non
444 1693 588 1778 possint”
613 1732 654 1740 -
678 1692 797 1755 latetur
820 1693 929 1755 tamen
954 1690 1042 1755 »Nos
1059 1691 1154 1766 euim,
1171 1687 1227 1773 qui
1247 1687 1310 1773 ipsi

189 1819 331 1884 sermoni
366 1841 431 1884 uon
464 1817 718 1882 interfuissemus
756 1820 788 1879 et
822 1815 938 1899 quibus
972 1813 1069 1879 Cotta
1102 1815 1310 1877 teatrcmmodo

190 1944 272 2008 locos
305 1967 340 2006 ac
371 1943 530 2006 secretarios
556 1941 652 2022 hujus
686 1939 913 2024 disputationis
947 1937 1147 2012 tradidisset,
1181 1959 1241 2021 qao
1275 1937 1309 1998 ia

187 2091 299 2152 periere
327 2071 499 2150 utrumque
523 2068 681 2131 oratorem
705 2082 974 2147 cognoveramus,
1009 2063 1042 2127 id
1070 2062 1176 2145 ipsum
1200 2082 1309 2125 sumus

189 2192 228 2255 in
252 2211 361 2255 eorum
384 2211 528 2255 sermone
552 2189 742 2253 adumbrare
764 2188 896 2255 coacti.”
918 2187 945 2269 2)

238 2315 312 2380 Jam
332 2314 490 2399 quomodo
506 2315 577 2398 ipsa
588 2312 790 2377 adumbratio
803 2310 947 2376 Ciceroni
961 2309 1137 2396 processit?
1163 2305 1310 2374 Mirabile
1350 2391 1356 2404 ,

192 2442 254 2516 est,
267 2460 362 2522 quam
374 2435 487 2502 multis
499 2437 577 2501 locis
590 2435 696 2500 Crassi
708 2434 804 2500 verba
816 2435 998 2500 notissimas
1010 2433 1172 2499 Ciceronis
1180 2435 1309 2499 senten·

191 2561 258 2626 tias
270 2564 367 2645 atque
377 2560 541 2645 opiniones
550 2561 704 2625 referant:
714 2561 825 2644 jocosa
833 2557 1035 2643 reprehensio
1045 2558 1267 2643 philosophiae
1280 2560 1312 2622 et

186 2685 274 2770 juris
290 2685 402 2764 civilis,
415 2707 473 2769 per
485 2704 653 2768 personam
666 2683 809 2762 Antonii,
827 2687 918 2768 quasi
934 2687 1089 2768 perpetuo
1106 2681 1311 2748 Murenianas

192 2808 415 2874 cavillationes
437 2809 471 2872 in
495 2809 678 2873 memoriam
703 2813 852 2883 revocat;
884 2808 980 2872 etiam
1003 2807 1176 2891 disputatio
1200 2807 1238 2871 dc
1262 2807 1309 2870 fa-

190 2932 284 2997 cetiis
310 2931 456 2995 »ridiculi
480 2930 646 2996 Consulis”
672 2932 796 2997 videtur
819 2931 956 2996 maxime
972 2932 1119 3016 propria3
1141 2935 1238 3015 atque
1260 2929 1312 2995 vel

187 3057 263 3140 ipsa
278 3055 384 3120 Crassi
397 3053 552 3132 educatio,
565 3079 645 3140 quae
657 3060 818 3133 narratur,
832 3055 1028 3119 institutioni
1044 3054 1215 3132 Ciceronis
1229 3077 1310 3140 quae

188 3181 225 3244 in
250 3179 355 3244 Bruto
377 3181 525 3257 refertur,
549 3183 598 3244 est
620 3179 791 3244 simillima.
817 3178 846 3262 3)
870 3179 957 3254 Quae
981 3184 1087 3243 autem
1109 3179 1212 3264 magis
1229 3177 1311 3243 serio
1394 3191 1397 3198 “

189 3305 231 3368 de
257 3304 399 3369 utilitate
426 3304 649 3388 philosophiae
669 3325 714 3368 ac
733 3303 816 3387 juris
845 3303 1014 3378 scientiae,
1038 3303 1075 3367 de
1099 3307 1224 3379 ornatu,
1250 3325 1311 3368 nu·

188 3449 280 3492 mero
304 3427 467 3505 oratorio,
502 3426 640 3511 periodis
663 3449 719 3509 per
743 3425 892 3490 Crassum
913 3431 1117 3509 exponuntur
1140 3427 1311 3492 manifesto

188 3555 267 3616 sunt
289 3549 449 3615 Tulliana.
474 3549 577 3614 Nemo
600 3551 684 3614 enim
707 3550 786 3614 haec
809 3550 917 3614 omnia
934 3551 1001 3634 jam
1025 3550 1058 3614 in
1077 3549 1191 3615 Crasso
1210 3550 1309 3616 fnisse
1402 3535 1406 3542 ⁵

188 3675 377 3739 contendet:
414 3695 487 3738 oum
510 3695 613 3757 neque
632 3672 712 3738 talia
727 3673 965 3756 conspiciantur
976 3673 1009 3737 in
1025 3673 1165 3758 imagine
1178 3673 1307 3760 egregia

188 3820 286 3883 quam
301 3815 303 3818 ·
320 3797 459 3882 ejusdem
492 3797 580 3862 inter
600 3797 718 3862 *claros
750 3799 894 3861 oratores
927 3794 1036 3860 Cicero
1076 3799 1250 3881 expressit,
1281 3799 1309 3884 ⁴)

186 3943 292 4004 neque
313 3922 398 3998 inter
421 3921 571 4005 reliquias
595 3925 758 3986 oratorum
777 3924 918 3984 veterum
934 3919 1105 4004 quicquam
1124 3922 1227 3986 simile
1247 3923 1306 3988 sub

191 4065 352 4076 —-—

225 4170 252 4237 1)
269 4170 309 4224 De
329 4187 386 4240 rep.
406 4171 424 4224 l.
443 4170 464 4224 1.
483 4172 526 4224 16.

225 4258 499 4321 fflffiffifflffi

225 4351 253 4413 3)
269 4347 309 4403 Da
327 4347 372 4402 Or.
391 4347 423 4402 ll.
444 4350 486 4401 74.

225 4434 251 4502 4)
269 4431 342 4503 Brut.
361 4439 423 4490 143.
443 4453 499 4520 sqq.
518 4435 579 4491 158.
599 4454 656 4518 sqq.
