3366 5206
685 599 728 671 ⁷5

143 817 286 904 vestigiis
298 816 455 895 insistere,
478 816 563 902 quod
575 816 609 881 in
632 814 769 902 singulis
789 816 882 884 libris
905 819 1018 883 utatur
1039 815 1260 904 prooemiis:¹)

144 965 242 1029 aeque
258 947 368 1008 tamen
386 945 509 1008 certum
536 945 604 1020 est,
632 941 718 1026 quod
740 941 846 1007 nullas
861 943 894 1006 in
927 940 1128 1007 sermonibus
1151 947 1261 1028 partes

145 1067 202 1133 sibi
225 1068 288 1153 ipsi
311 1067 458 1144 tribuat,
478 1067 511 1131 id
534 1066 575 1132 ab
599 1065 784 1132 Aristotelis
812 1090 901 1133 more
924 1067 1107 1134 abhorrere.
1143 1066 1262 1134 Scribit

145 1192 228 1257 enim
251 1192 286 1257 in
309 1192 447 1277 quadarn
472 1191 609 1276 epistola
625 1192 665 1257 ad
683 1190 848 1267 Quintum.
870 1191 944 1258 »Ab
963 1190 1140 1258 Aristotele
1158 1213 1262 1257 sermo

144 1317 188 1382 ita
205 1316 369 1383 inducitur
398 1321 588 1393 ceterorum,
611 1319 649 1380 ut
671 1336 767 1400 penes
790 1316 895 1400 ipsum
924 1316 966 1382 sit
988 1314 1207 1400 principatus”
1233 1315 1262 1402 ²)

145 1441 203 1507 Sed
225 1441 353 1507 difficile
377 1444 426 1507 est
438 1440 532 1525 plura
555 1441 593 1508 de
612 1441 715 1506 torma
733 1462 770 1506 ec
786 1441 910 1506 ratione
929 1439 1059 1506 illorum
1077 1461 1260 1506 sermonum

145 1570 301 1633 statuere:
316 1566 460 1632 breviora
476 1570 552 1632 sunt
564 1566 648 1633 enim
662 1565 853 1652 fragmenta,
866 1587 948 1650 qnae
967 1569 1150 1651 supersunt,
1162 1586 1261 1649 qnam

146 1691 302 1775 equibus
325 1689 496 1776 quicquam
519 1691 600 1756 effici
624 1692 736 1776 possit.

186 1815 295 1881 Minus
317 1815 487 1880 obscurum
510 1819 559 1880 est
581 1814 720 1880 altorum
743 1815 834 1892 illud,
859 1816 944 1899 quod
963 1813 1093 1897 scripsit
1105 1811 1260 1878 Lentulot

147 1939 240 2006 »libri
253 1939 358 2004 nostri
375 1961 499 2004 omnem
514 1938 736 2004 Aristoteliam
748 1939 905 2004 rationem
920 1938 1094 2003 oratoriam
1107 1936 1266 2023 complec—
1378 1971 1382 1980 .

146 2063 292 2129 tuntur.’'
303 2063 463 2128 Nimirum
474 2086 515 2128 ne
527 2064 598 2148 quis
607 2063 689 2128 forte
697 2063 1026 2148 putaret,Ciceronem
1039 2085 1165 2130 omnem
1176 2062 1266 2129 illam

147 2189 305 2254 rationem
328 2210 391 2253 non
420 2188 452 2253 in
485 2188 630 2275 magistri
652 2188 744 2253 libris
766 2188 873 2271 ipsum
905 2188 1036 2274 legisse,
1060 2187 1115 2253 sod
1139 2211 1178 2253 ex
1201 2187 1266 2254 dis·

148 2313 368 2398 putationibus
391 2334 513 2390 eornm,
537 2313 594 2396 qui
617 2311 658 2377 ab
681 2311 739 2377 illo
762 2316 869 2377 essent
883 2311 1071 2397 philosophi
1088 2313 1266 2397 accepisse:

148 2459 210 2504 non
233 2436 339 2504 solum
363 2438 488 2523 saepius
512 2436 697 2503 Aristotelis
720 2440 823 2502 artem
846 2459 994 2521 expresso
1024 2436 1154 2502 nomine
1178 2459 1266 2501 com-

149 2562 347 2640 memoravit,
370 2562 424 2627 scd
447 2584 506 2648 per
523 2583 692 2646 personam
712 2561 847 2627 Antonii
866 2584 924 2626 nos
947 2562 1072 2626 monuit
1095 2560 1265 2647 selegisse

150 2685 242 2752 illum
271 2685 390 2752 librum
419 2685 621 2764 Aristotelis,
658 2687 713 2750 »in
747 2708 811 2771 quo
846 2685 970 2751 dicendi
1000 2690 1086 2753 artes
1124 2687 1269 2752 omnium

152 2811 350 2897 superiorum
374 2811 603 2896 exposuisset,’'
628 2815 662 2875 et
683 2810 767 2887 illue,
783 2810 837 2874 ›in
860 2810 977 2896 quibus
1000 2810 1068 2896 ipse
1091 2834 1149 2876 sua
1172 2833 1270 2894 quae-

151 2933 221 3002 dam
260 2936 299 3002 de
339 2935 448 3001 eadem
482 2941 552 3002 arte
586 2935 749 3002 dixisset.”
785 2935 923 3020 Legerat
958 2935 1058 3022 igitur
1091 2933 1202 3000 Oicero
1235 2940 1268 3001 et

152 3065 272 3144 τεχνῶν
296 3061 481 3148 συναγωγήν
494 3065 527 3126 et
545 3067 662 3148 τέχνην
684 3053 865 3148 ῥητορικήν.
889 3059 939 3125 Ex
963 3059 1078 3144 quibus
1089 3058 1181 3125 libris
1197 3081 1269 3124 cum

153 3186 233 3252 alter
256 3187 299 3251 sit
322 3185 514 3271 deperditus,
537 3183 629 3250 nobis
649 3208 747 3250 unum
767 3189 905 3262 tantum,
918 3184 974 3269 qui
998 3191 1094 3272 τέχνη
1118 3178 1271 3274 ῥητορική

151 3309 341 3376 inscribitur
364 3309 451 3376 adire
474 3314 507 3376 et
530 3310 674 3376 conterre
697 3309 818 3376 licebit.

199 3434 300 3500 Porro
321 3434 401 3499 hcec
422 3437 471 3500 est
482 3434 570 3499 illius
589 3435 693 3518 operis
710 3435 835 3510 divisio,
852 3439 889 3499 ut
900 3434 962 3498 duo
975 3433 1097 3518 priores
1115 3431 1189 3497 libri
1203 3417 1275 3496 ver*

157 3565 266 3625 sentus
294 3561 329 3624 in
357 3558 622 3643 probationibus,
649 3559 763 3624 tertius
799 3581 874 3624 vero
889 3606 897 3636 ,
915 3597 959 3606 -
990 3558 1056 3622 sive
1077 3560 1123 3620 est
1146 3552 1275 3621 illorum

158 3684 439 3771 complementum,
464 3685 549 3761 sive,
577 3688 613 3750 ut
637 3682 731 3748 multi
750 3704 835 3747 nunc
859 3680 992 3758 volunt,
1011 3681 1073 3746 fuit
1093 3679 1169 3744 olim
1198 3703 1277 3763 opus

158 3813 338 3894 separatum
348 3847 385 3856 -
399 3808 437 3874 de
449 3809 628 3873 elocutione
642 3807 895 3892 dequepartibns
907 3806 1061 3871 orationis
1074 3803 1277 3888 disponendis

160 3936 245 4020 agat.
269 3932 320 3998 Ex
343 3955 407 4017 quo
429 3932 549 3998 factum
573 3936 634 4008 est,
659 3936 695 3997 ut
711 3931 799 4016 prior
822 3952 896 4014 pars
919 3929 960 3994 Ili
983 3929 1058 3994 libri
1082 3929 1120 3994 de
1142 3927 1279 3993 Oratore

160 4057 365 4143 responderet
387 4055 510 4120 duobus
535 4055 696 4141 prioribus
716 4052 901 4118 Aristotelis
914 4052 1025 4130 libris;
1049 4051 1155 4117 altera
1171 4055 1280 4116 autem

161 4203 234 4266 pers
268 4181 407 4265 ejusdem
442 4181 517 4245 libri
541 4183 573 4245 et
607 4179 688 4245 liber
714 4178 766 4243 ΙΙΙ
789 4201 827 4244 ea
855 4181 1052 4254 tractarent,
1076 4197 1158 4261 quae
1181 4176 1280 4241 tertio

198 4448 224 4520 1)
243 4452 278 4506 aa
296 4450 326 4514 o.
345 4451 378 4505 c.
398 4447 442 4504 1n.
461 4452 485 4504 5.
531 4452 558 4513 a
577 4449 612 4503 aa
630 4448 684 4504 Ae.
704 4447 773 4503 mn.
796 4448 837 4501 ιθ.
856 4474 859 4480 ·
