3366 5206
658 597 703 662 93

127 816 193 877 arte
224 813 383 878 contineri
415 812 651 897 profiteantur,
673 809 826 894 expendit
855 808 924 892 jam
958 806 1124 888 Socrates,
1156 833 1239 898 quae

24 977 25 1018 ,
128 935 312 1000 elocutionis
352 935 637 1019 collooetionisque
679 936 852 1018 praccepta
900 953 922 995 a
965 931 1054 998 'lisia
1097 934 1240 1021 Thrasy·

24 1067 25 1070 ’
128 1059 235 1124 macho
288 1061 426 1126 bodico
477 1060 657 1144 Protogaro
705 1058 773 1123 siut
811 1056 928 1141 posita.
981 1053 1071 1130 Quae
1111 1058 1240 1142 quidem

131 1185 233 1250 omnia
255 1159 321 1270 ipsi
354 1185 464 1270 potius
492 1185 534 1248 ad
556 1206 605 1261 ea,
627 1206 710 1268 quae
732 1187 809 1248 suut
833 1185 908 1248 ante
936 1186 1058 1258 artem,
1079 1203 1176 1267 quam
1200 1185 1241 1250 ad

127 1307 224 1392 ipsam
248 1314 353 1374 artem
375 1309 526 1374 videntur
546 1308 727 1393 pertinere:
760 1307 845 1371 sicut
873 1304 1068 1370 medicorum
1097 1327 1150 1372 ars
1175 1329 1240 1373 non

128 1431 325 1497 contineatur
354 1432 569 1497 remediorum
602 1432 808 1517 cognitione,
842 1429 897 1494 md
926 1428 960 1492 in
988 1428 1050 1495 hoc
1071 1435 1110 1494 ut
1131 1434 1241 1496 tenen

128 1557 249 1641 qnando
272 1563 306 1624 et
328 1558 455 1643 quinus,
478 1561 600 1642 etqua
614 1557 740 1622 ratione
762 1554 936 1622 medicinae
955 1552 1022 1619 siut
1032 1553 1240 1622 adhibendae.

129 1679 192 1746 Nec
212 1682 334 1746 mirum
356 1686 466 1746 tamen
494 1681 554 1746 illa
577 1704 597 1746 a
625 1681 810 1754 rhetoribus
832 1702 909 1744 suae
933 1677 995 1743 orti
1017 1677 1138 1744 tribui:
1171 1679 1241 1744 dia·

129 1802 256 1870 lecticae
280 1805 366 1870 enim
388 1805 520 1891 ignaros
538 1809 640 1870 artem
657 1803 782 1869 dicendi
799 1825 841 1868 ue
856 1803 988 1868 definire
999 1801 1126 1885 quidem
1137 1824 1240 1887 posse.

168 1927 396 2016 Interrogatus
417 1928 492 1993 dein
515 1950 601 2013 »quo
618 1929 714 2013 pacto
729 1931 763 1993 et
777 1927 860 1992 nude
882 1948 989 1992 veram
1012 1927 1149 1992 oratoris
1170 1949 1244 2012 per-

130 2031 329 2137 suasorisquc
375 2057 479 2118 artem
517 2053 610 2118 nobis
640 2052 800 2117 vindicare
832 2051 1039 2136 possimus?”
1073 2053 1242 2136 respondet

132 2174 293 2255 Socrates,
316 2180 355 2240 ut
377 2180 504 2253 orator3
527 2175 571 2240 sis
594 2175 634 2240 ed
656 2175 824 2262 ingenium
845 2178 958 2259 aptum
980 2176 1242 2242 exercitationem

130 2303 160 2364 et
180 2300 349 2367 scientiam
371 2299 618 2386 adjungendam.
649 2299 754 2376 Quare
781 2298 862 2364 haec
891 2298 956 2364 tria
978 2297 1123 2383 postulat
1143 2299 1243 2386 prium

131 2418 311 2512 ἔπιακήμην
333 2445 372 2490 τε
392 2420 449 2488 καὶ
469 2426 611 2512 μελέτην
626 2463 667 2472 -
685 2426 718 2488 et
729 2421 812 2488 nihil
822 2422 921 2488 alicu
943 2421 1116 2488 scientim
1134 2427 1242 2490 καῖεν]

127 2546 212 2613 illam
247 2545 411 2612 dialectice
444 2547 671 2632 acquirendum
693 2567 782 2612 esse:
816 2546 887 2612 ideo
909 2546 1065 2614 Periclem
1097 2548 1242 2616 floruisse

130 2671 321 2758 eloquentia,
344 2672 430 2756 quod
464 2671 678 2759 Anaxagorae
704 2670 879 2755 discipulus
900 2670 1084 2738 dialecticae
1113 2694 1242 2760 operam

130 2793 271 2860 dedisset.
296 2792 503 2860 Dialecticam
528 2795 615 2860 euim
636 2817 700 2860 uon
723 2795 818 2860 modo
830 2794 1006 2880 exquirere,
1025 2797 1103 2881 quid
1117 2797 1150 2862 in
1163 2819 1243 2882 qua·

131 2939 188 3002 que
210 2941 246 2984 re
269 2919 313 2984 sit
335 2941 459 2998 verum,
480 2920 535 2985 sed
553 2925 720 3004 praeterea
739 2923 825 2984 reete
839 2919 1018 2985 definiendo
1031 2923 1064 2985 et
1075 2920 1243 2987 dividendo

131 3040 310 3128 dignoscere
332 3047 482 3109 naturam
505 3049 538 3110 et
561 3044 751 3109 varietatem
773 3044 973 3123 animarum,
999 3048 1107 3110 motus
1138 3050 1172 3111 et
1194 3046 1244 3112 af·

130 3164 226 3230 fectus
249 3166 453 3254 singularum
479 3173 644 3248 aetatum,
668 3169 745 3254 quid
768 3190 927 3254 quemque
948 3169 1087 3235 maxime
1116 3193 1255 3284 morere⁸

129 3291 241 3372 possit3
278 3291 367 3356 brevi
403 3287 571 3380 εὐκαιρίαν
594 3296 627 3359 et
650 3288 802 3380 ἀκαιρίαν
824 3315 935 3358 eorum
966 3293 1130 3373 omnium,
1162 3317 1243 3380 quae

130 3415 253 3481 tradent
275 3415 312 3495 ii,
334 3417 390 3500 qui
416 3417 609 3483 rhetoricam
633 3417 834 3502 profitentur.
863 3416 978 3503 Igitur,
1002 3418 1030 3484 si
1052 3440 1115 3504 qua
1138 3418 1243 3484 sitars

130 3536 269 3618 dicendi,
305 3540 472 3606 dialectica
504 3542 684 3620 contineri,
719 3564 801 3627 quae
835 3542 1045 3626 persuadendi
1084 3542 1152 3608 vias
1191 3543 1243 3609 de-

130 3667 288 3730 monstret.
324 3663 496 3732 Neminem
531 3671 639 3731 tamen
674 3666 851 3750 sapientem
887 3665 1070 3732 dialecticas
1107 3665 1244 3752 inquisi-

130 3785 223 3863 tiones
241 3827 284 3836 -
304 3809 377 3852 cum
400 3791 518 3856 arduae
542 3791 608 3856 sint
630 3795 663 3856 et
686 3791 795 3877 magni
819 3790 939 3857 laboris
957 3829 1002 3839 —
1020 3791 1243 3856 instituturum

131 3905 215 3975 ἕνεκα
229 3916 298 4008 Ιτοῦ
321 3913 428 3995 λέγειν
449 3916 504 3980 καὶ
528 3915 690 4003 πράττειν
709 3908 794 4003 πρὸς
812 3910 1022 4002 ἀνθρώπους,
1040 3915 1094 3981 sed
1114 3918 1150 3980 ut
1170 3935 1243 4000 pos·

132 4031 169 4096 rit
190 4039 281 4110 θεοῖς
311 4044 530 4124 κεχαρισμένα
553 4041 659 4123 λέγειν
685 4033 705 4128 ἢ
728 4039 907 4127 medensem
937 4063 1022 4106 »non
1046 4039 1129 4105 enim
1152 4040 1244 4106 obse·

135 4159 283 4250 quendum
309 4182 378 4226 esse
398 4163 568 4243 conservis,
589 4166 645 4231 sed
662 4164 800 4251 dominis
817 4163 910 4230 bonis
929 4186 997 4230 esse
1019 4164 1244 4249 obtemperau-

134 4277 227 4346 dum.'’
252 4281 425 4350 Oratorum
448 4287 548 4374 igitur
565 4289 670 4355 studia
689 4288 961 4376 disputationibus
978 4287 1243 4384 philosophorum

136 4407 354 4495 postponende
368 4431 447 4482 esse.
