3366 5206
190 774 356 843 Sententia
380 798 507 862 quoque
530 775 605 855 illa,
629 799 725 863 quam
748 777 787 844 de
810 778 889 843 artis
912 777 1036 844 dicendi
1070 776 1194 864 origine
1228 780 1262 842 et

148 900 286 967 utilitate
309 901 447 985 protulit
470 899 592 979 Cicero,
616 921 689 965 cum
722 921 742 964 a
766 899 909 965 Platonis
932 905 1038 968 monto
1060 901 1188 986 longius
1211 923 1261 966 re-

146 1023 247 1101 cedat,
271 1024 419 1108 proprius
441 1024 590 1089 accedere
612 1023 787 1088 videturad
800 1045 990 1108 eam,quam
1014 1025 1108 1090 initio
1120 1027 1170 1090 sui
1187 1026 1261 1092 libri

146 1145 264 1212 indicat
287 1145 493 1213 Aristoteles.
518 1146 626 1233 Negat
646 1145 730 1211 enim
754 1145 809 1225 ibi,
834 1145 1034 1213 dialecticam
1068 1152 1101 1213 et
1124 1148 1262 1215 rhetori-

145 1243 222 1336 cam
242 1270 284 1335 ad
325 1273 429 1336 certas
458 1270 669 1354 definitasque
702 1269 850 1335 scientias
892 1270 1068 1354 pertinere;
1106 1294 1262 1356 quarum,

145 1416 213 1459 cum
238 1398 407 1460 versentur
428 1395 461 1460 in
487 1395 539 1473 iis,
561 1417 643 1480 quae
666 1392 1262 1481 omneshominesquodammodopos-

145 1517 209 1583 sint
229 1539 441 1604 cognoscere,
465 1539 576 1584 omnes
598 1517 696 1582 etiam
719 1537 788 1582 esse
812 1517 995 1602 participes.
1028 1516 1090 1584 Sed
1112 1539 1183 1584 cum
1207 1518 1264 1585 alii

145 1641 236 1724 quusi
258 1640 395 1706 tomuito
418 1641 537 1720 dicant,
560 1641 616 1707 ulii
639 1662 678 1705 ex
700 1641 837 1725 quadam
860 1639 1098 1719 consuetudine,
1122 1641 1192 1707 ideo
1204 1643 1261 1708 ob-

145 1765 262 1830 servari
285 1786 388 1849 posse,
411 1766 548 1849 quifiat,
561 1769 598 1831 ut
620 1764 686 1842 aiii,
712 1801 752 1812 —-
777 1763 844 1829 sive
866 1786 941 1828 casu
954 1764 1262 1831 siraconsuatudine

144 1887 281 1972 quadam
305 1887 413 1954 dicant
437 1927 477 1936 -
502 1910 614 1954 causas
625 1909 700 1952 suas
723 1888 901 1966 obtineant,
923 1887 979 1953 alii
991 1888 1138 1953 minime:
1161 1894 1259 1974 atque

143 2011 189 2076 ita
211 2015 333 2076 certam
356 2013 526 2096 quamdam
552 2011 635 2076 viam
655 2015 688 2076 et
708 2010 866 2076 rationem
888 2009 1011 2075 dicendi
1045 2010 1192 2076 inveniri.
1218 2051 1259 2063 -

146 2133 346 2200 Discriminis
367 2138 474 2200 autem
495 2134 582 2200 iuter
603 2156 716 2200 causas
736 2134 843 2200 finitas
868 2137 901 2198 et
927 2134 1130 2217 quaestiones
1151 2135 1259 2200 infini-

147 2261 213 2336 tas,
235 2277 431 2343 quamquam
455 2257 648 2323 Aristoteles
672 2255 795 2324 nullam
817 2257 852 2322 in
874 2279 933 2322 sua
955 2256 1035 2322 Arte
1064 2257 1259 2324 mentionem

147 2381 231 2459 facit,
255 2380 380 2447 videtur
403 2385 511 2446 tamen
535 2380 569 2444 in
593 2381 657 2446 alio
685 2379 824 2465 quodam
853 2378 937 2445 libro
971 2378 1116 2446 Ciceroni
1150 2404 1261 2448 ansam

147 2504 345 2588 praebuisse,
369 2525 425 2595 cur
458 2503 513 2571 hic
545 2504 770 2588 quaestionum
796 2503 994 2568 infinitarum
1018 2505 1262 2586 tractationem,

147 2650 224 2712 quae
247 2651 267 2693 a
290 2627 475 2694 rhetoribus
505 2627 652 2714 neglecta
671 2626 812 2711 jacebat,
824 2647 942 2713 magno
965 2648 1059 2714 opere
1081 2631 1263 2696 oratoribus

151 2749 394 2819 commendaret.
434 2750 586 2838 Legimus
625 2750 710 2816 enim
752 2749 836 2834 apud
879 2749 1056 2838 Diogenem
1097 2752 1262 2820 Laertium

148 2867 370 2962 Ἀριστοτέλης
392 2875 476 2962 πρός
498 2879 594 2941 θέσιν
617 2875 837 2960 συνεγύμναζε
870 2869 945 2950 τούς
990 2877 1158 2966 μαθητάς,
1193 2871 1263 2962 ἅμα

147 2998 199 3062 καὶ
221 2991 395 3086 ῥητορικῶς
417 2996 579 3067 ἐπασκῶν.
604 2997 631 3085 ¹)

188 3121 298 3208 Atque
316 3121 396 3187 haec
419 3121 457 3186 de
479 3121 659 3187 imitatione
682 3121 883 3190 Aristotelis:
917 3145 1042 3190 summu
1075 3125 1122 3191 rei
1157 3124 1262 3211 eapite

148 3245 190 3311 ita
211 3246 438 3330 percurrimus,
461 3250 498 3310 ut
517 3246 555 3311 de
567 3243 728 3311 Ciceronis
740 3248 1137 3333 auctoribus-quaerentes,
1160 3271 1263 3333 neque

146 3369 200 3435 illa
217 3369 464 3457 negligeremus,
489 3391 570 3456 quas
593 3370 778 3436 viderentur
790 3371 1171 3460 magnoperaadoausam
1188 3393 1262 3436 nos·

147 3498 227 3560 tram
251 3495 422 3579 pertinere,
446 3516 550 3579 neque
574 3499 697 3573 tamen,
721 3517 803 3581 quae
825 3495 866 3560 ab
889 3494 962 3560 aliis
985 3498 1131 3560 accurato
1154 3495 1262 3581 dispu-

145 3622 210 3684 tata
232 3622 321 3698 sunt,
341 3619 445 3684 donno
469 3624 612 3685 retexere
635 3618 845 3685 videremur.”
863 3616 891 3704 ²)
912 3617 987 3684 Jam
1009 3617 1065 3683 ille
1080 3622 1192 3682 auctor
1207 3639 1262 3682 ex-

146 3742 287 3808 citandus
312 3747 378 3821 est,
402 3744 492 3828 cujus
516 3743 645 3827 scripta,
670 3743 781 3829 quanti
794 3741 915 3808 fuerint
937 3741 1091 3807 momenti
1113 3740 1153 3805 ad
1176 3761 1263 3806 oom-

147 4009 301 4022 *nn-

178 4225 204 4294 1)
221 4228 239 4280 l.
258 4223 291 4281 V.
311 4227 337 4282 3.
362 4222 403 4280 cf.
422 4220 534 4288 Quintil.
554 4221 612 4279 ΧΠ.
632 4227 657 4280 t.
676 4224 719 4279 25.
739 4253 773 4262 -
790 4223 825 4278 ot.
845 4220 878 4278 X.
898 4226 922 4277 5.
942 4224 985 4278 ia.

178 4313 204 4383 2)
222 4317 283 4370 ride
303 4314 424 4369 Pideritii
443 4317 520 4368 nous
538 4316 566 4368 in
582 4315 666 4368 libros
685 4313 718 4367 da
737 4311 857 4380 Oratore,
870 4312 1262 4382 etpraataranentsobirtris·

146 4405 230 4460 totalis
248 4405 283 4458 de
301 4407 359 4460 arte
376 4404 509 4459 rhetorico
527 4404 665 4478 quaeritur
682 4402 747 4474 qnid
764 4401 864 4460 babeat
880 4400 981 4456 Cicero.
1002 4401 1089 4458 Berol.
1109 4403 1188 4462 1866.
