3404 5198
963 591 1004 660 10

465 801 574 890 Atque
596 804 701 889 primo
725 804 869 889 quidem:
893 808 931 870 ut
952 805 990 870 ds
1013 804 1198 892 eloquentia
1221 807 1390 886 seriberet,
1413 805 1542 873 turbida

420 928 477 994 illa
500 933 645 1012 tempora
667 951 732 995 non
755 930 848 994 modo
872 931 974 996 otium
996 931 1213 1016 praebuerunt
1235 934 1464 1016 opportunum,
1486 930 1542 996 sed

421 1054 520 1118 etiam
541 1054 634 1137 quasi
657 1055 797 1122 stimulis
830 1057 993 1122 acerrimis
1018 1056 1235 1123 oonoitabant.
1270 1055 1428 1132 Quamdiu
1454 1054 1541 1120 enim

421 1177 454 1241 in
477 1178 611 1242 deoursu
635 1177 793 1244 honorum
816 1185 886 1246 erat
909 1179 1031 1260 Oioero,
1045 1180 1213 1246 »infinitus
1235 1179 1410 1245 forensium
1434 1200 1540 1244 rerum

421 1300 514 1366 labor
536 1306 569 1366 et
591 1303 777 1369 ambitionis
800 1304 988 1389 oeonpatio’'
1013 1327 1188 1389 numquam
1212 1326 1286 1370 eum
1309 1303 1448 1368 otiosum
1472 1319 1540 1366 esse

421 1425 587 1503 sinebant;
610 1427 674 1492 fine
696 1431 804 1492 autem
827 1429 938 1513 populi
962 1429 1120 1496 honorum
1143 1429 1315 1512 impetrato
1347 1426 1425 1511 ›qui
1449 1425 1540 1491 loous

421 1550 539 1634 quietis
568 1554 600 1614 et
630 1551 876 1635 tranquillitatis
905 1553 1107 1638 plenissimus
1130 1553 1198 1618 lore
1222 1550 1412 1618 uidebatur'’
1438 1551 1540 1612 -ut

422 1674 585 1738 verissime
608 1675 864 1758 conqueritur-
877 1677 933 1740 »in
958 1698 995 1741 eo
1019 1677 1176 1742 maximae
1197 1677 1296 1741 moles
1319 1674 1539 1741 molestiarum

421 1801 454 1861 et
477 1797 769 1865 turbulentissimae
793 1803 1000 1884 tempestates
1023 1801 1247 1866 exstiterunt.''
1270 1799 1296 1884 ¹)
1318 1798 1540 1883 Sequebantur

422 1921 535 1986 turbae
559 1925 591 1986 et
613 1923 771 2007 procellae
794 1923 980 2003 Clodianae,
1005 1924 1146 2002 exilium,
1170 1925 1302 1990 reditus.
1326 1924 1440 2008 Neque
1463 1943 1539 1986 vero

422 2050 592 2130 antequam
627 2047 661 2110 in
691 2047 854 2133 integrum
886 2052 935 2112 est
968 2049 1137 2114 restitutus
1165 2051 1310 2114 »fruetus
1330 2048 1399 2125 otii,
1421 2045 1538 2130 inquit,

422 2169 515 2234 datus
538 2170 648 2236 estad
671 2193 724 2236 eas
746 2173 843 2250 artes,
866 2171 982 2256 quibus
1004 2194 1024 2237 a
1046 2174 1153 2257 pueris
1175 2173 1274 2238 dediti
1303 2173 1433 2249 luimus,
1456 2171 1539 2237 aele-

423 2293 559 2358 brandas
592 2295 676 2360 inter
706 2316 828 2379 nosque
851 2295 1066 2360 recolendas.”
1087 2300 1114 2382 ²)
1142 2297 1282 2362 Tandem
1308 2297 1446 2362 otiosum
1470 2318 1538 2361 esse

423 2416 524 2486 liouit.
558 2417 766 2505 Intelligebat
793 2419 879 2485 enim
902 2418 1028 2499 Cicero,
1052 2443 1124 2486 oum
1145 2419 1317 2504 Pompejus
1340 2421 1373 2483 et
1395 2417 1539 2496 Crassus,

423 2542 525 2628 magis
550 2543 582 2607 vi
605 2547 638 2608 et
660 2543 757 2608 armis
780 2566 876 2628 quam
898 2544 1008 2610 liberis
1031 2545 1148 2610 civium
1164 2542 1325 2629 suffragiis
1336 2542 1453 2609 iterum
1466 2565 1541 2608 oon·

424 2664 507 2730 sules
529 2666 606 2731 faoti
634 2671 762 2746 essent,
791 2667 853 2733 sibi
878 2669 948 2752 jam
972 2668 1077 2734 loeum
1110 2690 1175 2732 non
1198 2688 1265 2732 esse
1291 2667 1325 2732 in
1348 2664 1541 2732 moderando

424 2788 580 2875 regimine
603 2790 755 2869 civitatis,
778 2792 816 2856 de
840 2792 931 2876 cujus
953 2791 1088 2877 imperio
1110 2794 1195 2858 inter
1217 2813 1359 2858 summos
1383 2792 1470 2857 viros
1491 2792 1542 2856 di-

424 2914 607 2980 micaretur.
631 2915 779 3012 Inoertus
801 2917 902 3003 igitur
925 2920 1023 3001 atque
1039 2917 1164 2996 anxius,
1187 2922 1298 2982 utrum
1316 2916 1470 3000 Pompejo
1487 2915 1542 2980 ad-

424 3036 581 3118 haereret,
604 3061 646 3104 an
668 3041 775 3125 potius
799 3039 944 3106 Caesaris
964 3041 1110 3124 partibus
1133 3061 1202 3104 sese
1224 3039 1427 3125 adjungeret,
1438 3060 1541 3122 quan·

424 3164 494 3232 lum
517 3183 575 3246 per
597 3163 787 3248 Pompejnm
805 3163 915 3242 liouit,
938 3165 972 3228 in
996 3164 1122 3229 litteras
1145 3187 1179 3229 se
1201 3162 1334 3229 abdidit.

471 3284 533 3350 Sed
549 3286 625 3371 quid
644 3290 721 3352 tuno
737 3288 841 3374 egerit
855 3288 1063 3373 senseritque,
1075 3287 1142 3372 ipse
1161 3287 1247 3352 clare
1261 3287 1354 3352 dooet
1373 3287 1407 3351 in
1419 3285 1479 3351 illa
1494 3285 1536 3350 ad

425 3409 1541 3496 Lentulumepistola,inquadeturbidorerumstatuvehementeroon-

426 3538 569 3617 questus,
579 3534 770 3619 dignitatem
790 3535 824 3599 iu
839 3536 1007 3600 sententiis
1022 3535 1172 3614 dioendis,
1190 3535 1374 3600 libertatem
1389 3534 1423 3598 in
1447 3555 1542 3617 repu-

426 3656 510 3722 blioa
528 3658 718 3741 capessenda
736 3659 895 3724 sublatam
913 3629 981 3724 esse
996 3658 1160 3744 deplorat:
1180 3659 1254 3724 »Me
1274 3657 1412 3742 quidem,
1424 3657 1542 3741 inquit,

425 3780 483 3846 illa
502 3803 553 3847 res
573 3782 767 3859 consolatur,
783 3782 868 3865 quod
880 3804 940 3868 ego
951 3781 979 3848 is
991 3804 1072 3862 sum,
1082 3783 1133 3848 oui
1149 3781 1200 3847 vel
1213 3781 1351 3846 maxime
1367 3779 1542 3845 coneedant

426 3929 558 3983 omneS,
583 3910 619 3969 ut
642 3905 693 3971 vel
724 3927 761 3969 ea
782 3905 948 3969 defendam
971 3929 1052 3991 quae
1084 3905 1276 3990 Pompejus,
1312 3904 1362 3970 vel
1394 3907 1543 3982 taoeam,

427 4030 477 4095 vel
501 4031 597 4095 etiam
621 4030 671 4107 id,
693 4031 778 4112 quod
801 4028 880 4093 mihi
903 4031 1040 4096 maxime
1057 4030 1163 4108 lubet,
1185 4029 1226 4094 ad
1240 4032 1352 4094 nostra
1370 4049 1421 4092 me
1439 4028 1544 4094 studia

464 4335 490 4394 1)
509 4331 548 4386 De
567 4330 612 4386 Or.
631 4333 649 4385 l.
666 4332 686 4398 l,
706 4336 731 4386 1.

464 4420 491 4490 2)
509 4421 575 4478 ibid.
