3404 5198
693 562 734 655 al

160 803 319 872 Oratore''
344 804 385 868 ab
407 802 502 868 initio
526 823 709 878 monemur,
736 823 821 866 »non
846 801 963 866 veteris
985 799 1180 885 puerilisque
1202 797 1276 864 doo-

160 929 265 993 trinae
294 927 455 1012 quendam
490 925 634 990 ordinem
662 923 942 1008 praeceptorum'’‚
971 945 1074 1008 neque
1105 946 1143 988 ea
1169 924 1276 988 omnia

162 1073 266 1136 »quae
290 1049 404 1115 Graeci
428 1049 551 1114 dicendi
575 1047 712 1113 artifices
736 1052 768 1111 et
791 1045 935 1112 doctores
949 1046 1169 1130 reliquerunt”
1186 1048 1277 1112 nobis

161 1175 316 1240 traditum
339 1173 390 1246 iri.
414 1171 514 1256 Cujus
537 1171 584 1235 rei
602 1171 759 1236 rationem
776 1170 918 1235 reddens.
944 1168 1046 1235 »Cum
1065 1170 1123 1236 illa
1134 1175 1278 1255 pateant,

159 1301 277 1386 inquit,
300 1301 332 1365 in
353 1302 570 1386 promptuque
593 1298 658 1362 sint
679 1297 827 1362 omnibus
850 1318 953 1382 neque
965 1319 1002 1362 ea
1013 1295 1277 1379 interpretatione

162 1448 232 1491 mea
265 1428 322 1490 aut
351 1421 496 1490 ornatius
527 1426 584 1486 aut
609 1421 737 1506 planius
766 1421 901 1505 exprimi
931 1420 1087 1506 possint.”
1112 1418 1139 1508 1)
1174 1422 1276 1498 Quam

161 1549 320 1614 rationem
343 1547 444 1612 exiis
467 1567 551 1628 quae
574 1544 711 1608 diximus
730 1545 798 1628 jam
822 1544 914 1610 licuit
936 1547 1097 1632 augurari.

206 1673 251 1738 Et
275 1674 371 1750 certe,
394 1669 692 1756 quamquamnulla
713 1691 752 1734 ex
770 1669 949 1753 praecipuis
972 1669 1051 1734 artis
1072 1671 1219 1754 partibus
1242 1671 1275 1735 in

162 1796 213 1861 his
235 1795 326 1861 libris
349 1797 397 1860 est
421 1794 549 1878 penitus
572 1793 698 1870 omissa,
722 1793 854 1880 vulgata
877 1796 985 1858 tomen
1008 1799 1177 1879 praecepta
1207 1801 1275 1860 turn

163 1919 308 1984 celeriter
331 1921 581 2003 percurruntur,
612 1920 648 1981 ut
676 1917 773 2003 longe
802 1917 905 2000 major
938 1939 1013 2000 pars
1043 1919 1143 1983 totius
1171 1921 1275 2003 operis

164 2047 311 2108 versetur
332 2043 366 2107 in
389 2042 451 2119 iis,
482 2063 585 2125 »quae
608 2039 682 2124 plus
705 2062 800 2124 quam
827 2040 898 2124 ipsa
928 2063 980 2105 ars
1010 2047 1166 2125 putantur
1198 2066 1274 2128 pro·

164 2166 283 2232 desse.‘’
321 2165 467 2243 Scilicet,
491 2169 529 2228 ut
549 2165 660 2228 eodem
689 2163 759 2228 loeo
789 2164 1002 2250 significatur,
1026 2188 1091 2230 non
1114 2172 1182 2232 tam
1204 2168 1275 2253 ipsa

163 2291 287 2355 dicendi
311 2311 362 2353 ars
394 2289 486 2354 uobis
516 2288 590 2353 data
618 2309 717 2372 opera
746 2287 946 2372 explicatur,
973 2312 1068 2374 quam
1092 2292 1275 2357 referuntur

163 2436 265 2498 »quae
289 2413 351 2478 viri
368 2412 509 2478 omnium
530 2411 784 2496 eloquentissimi
806 2411 1036 2498 clarissimique
1056 2416 1215 2482 senserint
1237 2439 1275 2482 ac

161 2537 398 2622 disputaverint
427 2537 466 2600 de
494 2536 580 2601 omni
610 2536 736 2600 ratione
760 2536 886 2601 dicendi
899 2537 929 2615 ,'’
952 2560 992 2603 ea
1013 2541 1120 2604 tamen
1143 2539 1214 2628 lege
1237 2545 1274 2606 ut

159 2683 271 2725 eorum
292 2661 490 2737 aucteritas,
516 2661 633 2744 quibus
660 2683 785 2725 summa
815 2660 938 2724 dicendi
968 2661 1040 2726 laus
1071 2685 1090 2726 a
1120 2663 1273 2730 Romanis

161 2807 308 2850 concessa
330 2785 394 2862 sit,
413 2785 542 2850 Graecis
565 2788 791 2870 componatur.
813 2784 851 2848 Id
871 2789 933 2863 est,
955 2785 1016 2849 nisi
1039 2786 1148 2852 fallor:
1172 2790 1274 2872 ipsius

159 2908 323 2975 Ciceronis
347 2909 507 2974 sententia
529 2909 568 2972 de
589 2909 679 2972 omni
690 2908 814 2972 ratione
826 2907 960 2987 dicendi,
972 2910 1090 2993 partim
1107 2913 1274 2997 disciplina

158 3038 309 3119 accepta,
338 3035 457 3118 partim
488 3056 547 3098 usu
575 3038 610 3097 et
635 3032 831 3117 experientia
857 3037 932 3097 orta
956 3033 1044 3098 clare
1075 3034 1161 3100 hisee
1181 3036 1273 3102 libris

161 3159 342 3243 exponitur.
363 3158 456 3235 Quod
480 3159 507 3223 si
530 3158 723 3243 quaerimus,
737 3197 777 3206 —-
791 3158 943 3242 quoniam
959 3158 1063 3223 multa
1081 3161 1212 3227 omuino
1233 3163 1274 3227 de

159 3282 347 3368 eloquentia
370 3283 528 3368 disputari
551 3287 686 3368 possunt
700 3321 739 3329 —
760 3303 920 3366 quaenam
944 3281 987 3346 sit
1009 3283 1180 3368 praecipua
1201 3285 1278 3350 doo-

164 3408 252 3472 trina
271 3411 309 3472 et
331 3409 422 3492 quasi
445 3429 569 3472 summa
593 3406 752 3471 sententia
766 3405 861 3490 hujus
878 3406 1109 3484 institutionis3
1131 3407 1279 3492 equidem

163 3531 310 3596 omnibus
322 3531 530 3596 consideratis
551 3531 659 3595 nullus
681 3531 804 3608 dubito,
822 3532 899 3615 quin
915 3553 953 3596 ea
970 3531 1012 3595 sit
1028 3532 1169 3612 dicenda,
1182 3556 1279 3618 quam

162 3653 195 3718 in
225 3655 362 3740 prologo
391 3655 522 3720 secundi
549 3654 624 3719 libri
651 3655 775 3720 Tullius
802 3655 959 3739 expressis
990 3656 1095 3722 verbis
1118 3658 1279 3723 enunciat.

164 3775 214 3842 Sic
238 3779 321 3844 enim
346 3779 472 3843 scribit:

207 3903 320 3967 »Illud
339 3915 382 3967 eat
403 3903 495 3990 liujus
513 3905 668 3970 institutae
690 3906 865 3990 scriptionis
886 3928 923 3968 ao
943 3907 1105 3991 temporis,
1130 3908 1280 3972 nemiuem

163 4026 413 4116 eloquentiorem
441 4031 532 4094 modo
556 4035 620 4094 etue
643 4031 765 4095 dicendi
790 4032 928 4096 doctrina
957 4033 1012 4096 ead
1043 4053 1081 4094 ae
1101 4035 1167 4097 eine
1194 4032 1282 4096 amai

163 4153 283 4236 quidem
305 4154 455 4237 rapientia
470 4153 587 4240 florere
609 4177 745 4240 unquam
769 4165 796 4216 et
812 4167 974 4238 praestare
992 4153 1161 4240 potuisse.’'
1187 4159 1212 4242 ²)

164 4332 322 4341 .—

200 4419 226 4489 l)
245 4418 284 4476 De
304 4419 348 4476 Or.
369 4419 389 4476 Ι.
408 4423 451 4476 23.
523 4423 551 4490 ἓ)
569 4421 609 4477 De
627 4419 671 4476 Or.
690 4420 722 4476 ΙΙ.
741 4421 766 4479 5.
