3404 5198
700 596 744 666 49

158 835 265 901 genus
288 815 331 894 id,
356 813 441 901 quod
464 813 598 901 quisquc
620 816 761 879 vestrum
780 812 813 877 in
837 810 969 878 dicendo
984 810 1145 896 probaret,
1163 813 1282 882 adhae-

161 944 336 1017 rescerent,
361 939 392 1003 id
413 961 493 1004 ame
506 960 608 1025 genus
619 938 935 1022 exprimisentiretis,
954 937 1040 1020 quod
1052 939 1189 1004 maxime
1202 939 1283 1005 mihi

159 1062 225 1146 ipsi
249 1063 469 1146 probareturJ'

210 1185 331 1262 Quibus
351 1186 517 1263 absolutis,
540 1187 604 1270 jam
623 1187 661 1252 de
674 1186 852 1253 elocutione
871 1185 1134 1273 agereinstituit:
1160 1187 1194 1252 in
1218 1210 1283 1274 qua

161 1311 381 1398 nullum-esse
404 1310 528 1374 dicendi
557 1309 685 1374 modum
712 1309 886 1387 meliorem,
908 1331 1026 1394 »quarn
1049 1313 1086 1374 ut
1110 1309 1233 1389 Latine,
1246 1315 1283 1376 ut

159 1435 273 1520 plane,
296 1438 332 1506 ut
356 1441 479 1510 ornate,
504 1438 540 1498 ut
567 1433 678 1511 adid,
703 1434 924 1518 quodcumque
948 1437 1080 1519 agetur,
1108 1437 1183 1517 apte
1206 1455 1283 1500 con-

160 1563 382 1645 gruenterque
398 1557 555 1622 dicatur.”
580 1557 653 1622 Duo
673 1558 780 1641 priora
792 1557 901 1641 paucis
920 1556 1072 1632 absolvit;
1094 1557 1158 1636 sed,
1172 1559 1226 1623 ubi
1245 1559 1285 1624 ed

161 1687 243 1766 apte
258 1690 432 1764 ornateque
444 1681 565 1746 dicendi
578 1682 755 1746 doctrinam
769 1683 924 1765 pervenit,
936 1680 1034 1774 latios
1047 1703 1158 1746 rursus
1170 1704 1286 1770 evaga-

161 1811 221 1870 tur
238 1805 351 1870 oratio.
374 1805 546 1882 Rhetores,
569 1805 625 1889 qui
647 1805 782 1870 scientia
804 1806 891 1870 omni
915 1810 1056 1883 careant,
1083 1805 1286 1871 nullomodo

162 1934 332 1996 oratorum
357 1931 419 1993 virn
444 1929 508 1994 suis
531 1930 709 2013 praeceptis
732 1952 799 1994 esse
823 1929 1025 2014 complexos3
1062 1935 1174 1996 ornate
1201 1932 1286 1996 enim

162 2055 273 2120 dicere
297 2055 453 2119 neminem
478 2075 591 2138 posse,
627 2053 687 2117 nisi
716 2053 801 2117 dicat
838 2054 1039 2119 »illuminate
1069 2059 1102 2119 et
1128 2055 1224 2120 rebus
1255 2058 1287 2120 et

149 2176 314 2252 .verbis;”
350 2182 386 2241 ut
422 2199 494 2241 vero
519 2180 595 2260 apta
618 2176 661 2240 sit
683 2177 796 2255 oratio,
820 2178 866 2241 ita
895 2179 1118 2244 moderandam
1142 2201 1219 2257 esse,
1252 2183 1288 2242 ut

159 2325 285 2378 rerum,
310 2306 347 2364 ut
370 2323 576 2384 personarum
606 2299 780 2384 dignitates
807 2301 922 2366 ferant.
958 2300 1063 2376 Quare
1086 2301 1288 2386 eloquentiae

155 2427 228 2492 vim
260 2449 350 2490 »eam
375 2448 441 2491 esse
465 2448 545 2510 quae
569 2423 734 2490 scientiam
759 2424 924 2510 complexa
951 2446 1058 2491 rerum
1081 2448 1173 2491 sensa
1196 2448 1287 2492 men-

154 2551 202 2614 tis
227 2555 262 2622 et
284 2550 416 2615 consilia
438 2551 484 2615 sic
509 2549 614 2616 verbis
638 2548 783 2634 explicet,
808 2554 845 2614 ut
869 2573 943 2629 eos,¹
958 2551 1014 2634 qui
1037 2551 1183 2630 audiunt,
1206 2573 1286 2635 quo·

152 2697 299 2760 cumque
319 2675 523 2752 incubuerit,
546 2673 649 2757 possit
675 2673 872 2758 impellere”.
951 2677 960 2687 ’

205 2800 388 2864 Dolendum
411 2799 522 2884 igitur,
547 2818 619 2861 cum
644 2802 768 2862 veteres
799 2798 961 2884 cogitandi
991 2799 1286 2885 pronuntiandique

160 2925 329 2990 rationem
360 2928 394 2988 et
417 2923 482 2988 rim
528 2921 652 2986 dicendi
697 2922 888 3006 sapientiam
928 2923 1151 3003 nominarent,
1190 2928 1287 3008 atque

160 3047 263 3112 iidem
289 3069 436 3112 »ornnem
469 3046 612 3110 omnium
644 3067 772 3124 rerum,
804 3067 885 3129 quac
908 3047 949 3110 ad
975 3070 1079 3113 mores
1108 3047 1287 3127 hominurn,

160 3194 250 3258 quae
285 3172 324 3236 ud
349 3173 461 3248 vitam,
485 3193 566 3254 quae
589 3169 629 3233 ad
658 3191 726 3234 rem
749 3170 909 3254 publicam
932 3172 1151 3255 pertinerent,
1175 3175 1286 3259 cogni·

160 3297 290 3362 tionem
324 3299 358 3359 et
392 3293 556 3359 scientiam
592 3315 665 3358 curn
697 3294 819 3360 dicendi
854 3297 978 3362 ratione
1014 3296 1211 3383 jungerent”
1244 3335 1286 3348 -

160 3425 242 3506 post
264 3419 427 3485 Socratem
453 3418 640 3483 »discidium
659 3417 738 3482 illud
759 3421 918 3486 exstitisse
938 3423 1030 3505 quasi
1042 3422 1172 3508 linguae
1189 3427 1287 3507 atque

161 3545 283 3638 cordis,
310 3543 483 3609 absurdum
506 3565 583 3608 sane
605 3547 638 3607 et
661 3543 775 3607 inutile
799 3549 831 3608 et
855 3546 1159 3629 reprehendendum,
1182 3552 1219 3612 ut
1232 3547 1287 3612 alii

162 3691 226 3734 nos
251 3690 379 3752 rapere,
402 3667 458 3731 alii
481 3666 583 3732 dicere
606 3668 788 3733 docerent.’'
824 3669 984 3735 Socratem
1009 3672 1093 3736 enirn
1120 3693 1287 3737 commune

160 3792 419 3878 (philosophiae)
454 3814 567 3856 nomen
599 3793 776 3877 eripuisse,
811 3794 1034 3878 sapienterque
1069 3796 1227 3861 sentiendi
1255 3801 1287 3861 ct

161 3921 282 3984 ornate
307 3916 430 3980 dicendi
453 3917 612 3993 scientias,
636 3939 670 3980 re
694 3917 901 3983 cohaerentes
925 3918 1197 4003 disputationibus
1220 3920 1286 3984 suis

160 4062 354 4124 separasse,
396 4040 463 4123 ejus
496 4047 604 4104 autern
628 4043 818 4106 sententiam
843 4043 1053 4127 permansisse
1074 4043 1107 4106 in
1139 4043 1287 4110 omnibus

160 4164 432 4252 philosophorum
454 4163 606 4241 familiia,
630 4185 712 4247 quae
737 4170 842 4230 essent
865 4166 906 4230 ab
932 4167 1001 4250 ipso
1026 4173 1136 4243 ortaa;
1160 4191 1198 4233 ex
1221 4191 1286 4253 quo

160 4291 291 4355 factum
325 4310 412 4366 esse,
448 4293 484 4353 ut
503 4290 570 4373 jam
593 4291 806 4354 communiter
828 4291 937 4355 diserti
961 4315 980 4356 a
1003 4291 1104 4357 doctis
1138 4292 1286 4359 dissocia-

160 4416 303 4492 rentur,
346 4417 383 4479 ut
420 4412 605 4499 philosophi
645 4415 860 4499 eloquentiam
903 4415 1102 4502 despicerent
1141 4421 1285 4483 oratores

1179 4531 1196 4582 4
