3404 5198
710 584 729 651 5

158 799 348 885 persuadere
371 803 504 865 conatus
527 802 586 876 est,
606 837 647 847 —
667 798 698 862 id
719 798 804 863 enim
820 796 957 863 alterum
974 802 1022 863 est
1039 797 1124 882 quod
1140 797 1277 863 acerbis·

160 925 239 989 sime
260 925 454 1009 vituperant,
475 963 515 972 —
540 945 643 1006 neque
666 945 724 987 nos
748 945 824 987 sane
840 924 918 987 haec
938 925 994 986 aut
1013 944 1132 1008 negare
1148 925 1204 986 aut
1223 923 1278 987 de·

160 1048 288 1114 tendere
300 1048 458 1113 volumus
478 1049 615 1132 Oportet
635 1052 742 1112 tamen
762 1047 956 1112 meminisse:
970 1046 1155 1112 Ciceronem
1174 1068 1278 1130 neque

160 1173 336 1238 amicorum
370 1172 520 1257 periculis
555 1194 707 1256 umquam
742 1171 900 1247 defuisse,
936 1193 994 1235 nec
1029 1193 1181 1255 umquam
1217 1171 1277 1235 etsi

160 1318 231 1361 reos
255 1297 441 1360 manifestos
463 1295 635 1378 aliquando
661 1295 763 1380 magis
786 1317 883 1378 quam
908 1316 1046 1377 aequum
1077 1298 1145 1359 erat
1172 1294 1277 1359 defen-

161 1421 227 1497 dit,
251 1421 291 1484 ad
312 1420 485 1504 perniciem
508 1418 645 1483 insontis
675 1417 859 1502 eloquentia
894 1439 961 1482 esse
986 1418 1130 1482 abusum.
1170 1416 1277 1501 Atque

161 1543 242 1608 illud
267 1543 395 1628 quidem
417 1543 512 1628 plane
535 1543 728 1608 assentimur
747 1542 790 1606 cl⁰
812 1543 966 1616 Karsten,
990 1541 1075 1625 quod
1097 1563 1199 1624 nuper
1223 1540 1277 1604 de-

163 1669 355 1732 monstravit
376 1668 410 1732 in
433 1667 571 1752 quodam
593 1666 703 1730 libello
722 1666 765 1752 1);
798 1666 942 1730 veritatis
966 1665 1199 1748 aequitatisque
1223 1664 1277 1728 dc·

164 1793 276 1868 fectus,
301 1813 381 1875 quos
401 1793 473 1874 jure
497 1791 610 1855 merito
633 1791 668 1867 in
691 1789 851 1856 Ciceronis
863 1789 1061 1854 orationibus
1084 1788 1277 1872 vituperent,

163 1935 227 1978 non
251 1915 358 1996 potius
381 1914 442 1998 ipsi
471 1935 567 1997 quam
591 1915 752 1978 communi
775 1913 905 1978 illorum
932 1917 1110 1996 temporum
1136 1912 1279 1995 opinioni

163 2037 202 2102 dc
225 2027 434 2120 patronorum
456 2036 568 2100 officiis
589 2036 774 2102 tribuendos
794 2059 870 2102 esse.
896 2036 980 2102 Satis
997 2037 1131 2100 enimin
1149 2036 1279 2100 laudata

162 2160 379 2243 disputatione
402 2159 560 2236 ostendit,
584 2160 669 2243 apud
698 2164 820 2224 veteres
848 2159 899 2224 vel
932 2160 1098 2243 optimum·
1119 2181 1278 2244 quemque

162 2287 320 2349 oratorem
346 2283 489 2366 artisque
512 2282 636 2347 dicendi
659 2283 849 2368 magistrum
866 2283 899 2347 in
920 2283 1276 2348 hacsententiatuisse:

163 2407 266 2471 >nihil
286 2428 344 2490 pro
361 2406 476 2471 cliente
494 2428 557 2470 non
574 2407 701 2472 licere.'’
726 2407 817 2482 Quod
838 2430 913 2471 sane
936 2405 1070 2471 meliora
1086 2407 1154 2490 jam
1174 2406 1278 2472 edocti

162 2552 272 2594 omues
302 2531 584 2614 perhorrescimus
617 2531 818 2614 Quamquam
848 2553 913 2596 non
944 2531 1014 2595 idco
1045 2553 1171 2594 omnem
1193 2531 1279 2594 anti-

163 2674 299 2736 quorum
313 2653 436 2717 dicendi
456 2657 559 2718 artem
572 2654 680 2737 sperni
699 2654 806 2718 velim.
831 2654 942 2719 Placet
958 2656 1102 2739 profecto
1114 2655 1278 2740 illaquam

160 2777 285 2860 profert
307 2776 355 2840 vir
382 2776 584 2842 doctissimus
613 2778 773 2843 sententio
803 2777 992 2853 Quintiliani
1018 2781 1062 2866 2);
1093 2781 1120 2844 si
1150 2781 1278 2864 quando

158 2900 282 2984 judices
312 2923 422 2986 omnes
446 2906 552 2966 essent
575 2925 647 2968 vere
683 2903 859 2987 sapientes,
884 2903 986 2968 multa
1010 2927 1030 2980 e¹
1051 2904 1278 2969 Demosthenis

160 3024 323 3108 'tulliique
347 3025 547 3090 orationibus
563 3026 706 3105 delenda,
729 3050 787 3093 nec
809 3029 932 3094 animos
955 3027 1197 3094 commovendos
1220 3050 1279 3093 nec

160 3170 253 3214 aures
275 3148 536 3234 permulcendas;
567 3151 644 3216 satis
666 3153 810 3216 futurum
835 3175 923 3228 esse,
951 3152 984 3216 id
1014 3152 1052 3217 dc
1081 3175 1146 3236 quo
1170 3153 1278 3238 agitur

160 3273 325 3357 perspicue
349 3296 508 3352 enarrare,
532 3279 565 3340 et
588 3276 793 3360 probationes
815 3277 849 3342 in
872 3281 1041 3360 utramque
1061 3280 1185 3360 partem
1202 3276 1279 3340 sim-

160 3397 236 3481 plici
259 3419 403 3463 scrmone
427 3421 593 3482 exponere.
628 3398 674 3464 Ac
706 3422 861 3486 nusquam
893 3401 1006 3484 opinor
1035 3399 1099 3463 tale
1122 3399 1277 3482 judicium

161 3524 228 3585 tam
251 3521 390 3605 perfecte
414 3522 607 3606 sapientium
625 3523 709 3588 inter
728 3525 873 3589 homines
889 3525 1058 3608 reperitur.
1078 3524 1183 3612 Igitur
1206 3548 1277 3589 cum

159 3649 291 3728 praestet
316 3646 422 3730 plures
445 3651 553 3712 sontes
576 3649 615 3712 de
638 3671 775 3732 quorum
798 3650 893 3734 culpa
916 3672 980 3714 non
1012 3649 1194 3713 constiterit
1221 3650 1278 3713 ab·

159 3767 284 3832 solutos
307 3769 417 3847 abire,
441 3792 538 3854 quum
562 3771 616 3847 vel
635 3794 735 3836 unum
758 3773 960 3838 innocentem
980 3773 1196 3838 condemnari:
1220 3797 1278 3839 sno

164 3985 324 3992 ————.

205 4137 233 4206 l)
258 4137 370 4210 Verulag
388 4142 412 4192 8⁶
432 4140 535 4196 Meded.
554 4143 580 4195 d.
600 4142 633 4196 K.
652 4143 704 4197 Ak.
724 4160 747 4197 v.
769 4143 850 4198 WW.
871 4147 941 4198 1895
959 4163 985 4214 p.
1005 4148 1058 4198 ‘214
1081 4163 1131 4200 ss:
1161 4147 1215 4200 »De
1234 4148 1279 4202 bc-

158 4229 313 4297 denkolijke
332 4231 433 4283 moraal
449 4248 500 4283 van
514 4229 630 4285 Cicero's
644 4233 826 4302 pleitredenen
839 4251 873 4287 cn
886 4252 938 4287 van
951 4235 984 4287 de
997 4235 1133 4289 klassieke
1146 4237 1279 4290 rhetorica

158 4317 189 4370 in
207 4317 255 4370 het
272 4317 438 4386 algemeen.'’

205 4404 232 4470 2)
252 4405 269 4459 l.
289 4422 312 4460 c.
331 4423 392 4476 pag.
412 4408 473 4460 233.
