3366 5206
960 571 1002 652 82

421 795 551 891 pergit:
592 791 641 870 Τὸ
673 801 815 888 [arideus
850 795 940 883 ἔγωγ’
980 790 1049 866 οἷόν
1081 790 1199 868 τέίυσο
1238 809 1306 876 τοῖς
1339 798 1448 886 λόγοις
1489 803 1546 869 καί

422 924 459 994 ἓν
493 932 685 1016 δικαστηρίῳ
719 928 867 998 δικαστὰς
900 923 956 990 καί
988 921 1023 989 ἐν
1045 926 1263 1013 βουλευτηρίῳ
1286 920 1466 1010 βουλευτὰς
1490 928 1546 992 καί

423 1047 459 1118 ἓν
497 1053 585 1138 ἄλλῳ
624 1050 765 1137 ξυλλόγῳ
811 1055 939 1126 πουτί,
975 1045 1061 1123 ὅστις
1101 1043 1142 1114 ἂν
1177 1045 1344 1124 πολιτικὸς
1390 1051 1545 1148 ζύλλογος

422 1183 577 1265 γίγνηται.
604 1175 630 1257 ¹)
657 1174 732 1239 Jam
768 1195 843 1238 vero
874 1172 952 1237 haec
981 1171 1158 1256 simplicius
1181 1176 1279 1258 abque
1303 1175 1431 1240 brevius
1455 1175 1545 1240 dicta

421 1300 581 1385 amplifica
609 1297 847 1383 aliquantulum
874 1301 972 1382 alque
996 1317 1078 1382 ange
1110 1335 1150 1346 -
1191 1295 1325 1363 habebis
1358 1297 1426 1363 fere
1461 1297 1543 1363 Tul-

421 1424 509 1488 liana
540 1423 633 1487 baec:
672 1419 794 1498 »Quid,
816 1423 884 1486 lum
909 1423 1023 1504 polens
1047 1423 1176 1504 lemque
1212 1422 1419 1508 magnificum
1443 1441 1545 1506 quam

422 1545 533 1632 populi
573 1549 700 1622 molus,
742 1543 886 1627 judicum
927 1542 1121 1629 religiones,
1167 1549 1297 1611 senatus
1343 1548 1543 1632 gravitatem

421 1671 516 1735 unius
557 1670 702 1734 orubione
744 1667 897 1733 convenii.
933 1666 1015 1742 Quid
1056 1670 1123 1732 lam
1158 1691 1254 1753 porro
1292 1669 1437 1756 regium,
1473 1673 1543 1735 lam

421 1792 577 1870 liberale,
611 1796 678 1857 barn
718 1791 923 1876 magnificum
957 1812 1054 1874 quam
1085 1813 1178 1875 opem
1206 1795 1291 1858 ferre
1318 1793 1542 1878 supplicibus,

420 1919 558 1984 excitare
578 1916 737 1992 afflictos,
768 1915 843 1980 dare
866 1915 1021 1992 salutem,
1044 1913 1180 1981 liberare
1207 1917 1375 2002 periculis,
1399 1918 1542 1983 relinere

419 2042 564 2108 homines
587 2041 620 2103 in
645 2040 808 2104 civilale”.
830 2077 869 2088 -
890 2038 999 2124 Atque
1017 2037 1098 2103 illud
1121 2040 1232 2106 etiarn:
1250 2045 1380 2106 »slstuo
1404 2033 1542 2126 perfecti

419 2164 556 2230 oratoris
580 2164 797 2228 moderatione
825 2168 857 2228 et
880 2163 1039 2247 sapientia
1058 2184 1121 2228 non
1144 2162 1249 2228 solum
1271 2164 1371 2249 ipsius
1394 2165 1541 2252 dignita·

420 2294 485 2355 tem
507 2288 561 2353 sed
584 2293 617 2353 et
640 2288 837 2374 privatorum
856 2287 1067 2378 plurimorum
1083 2292 1116 2352 el
1136 2287 1303 2353 universae
1319 2289 1367 2353 rei
1389 2261 1540 2373 publicae

421 2411 558 2477 salutern
582 2411 722 2476 maxime
745 2411 935 2476 contineri.”

466 2534 664 2601 Contradioil
689 2533 848 2614 Socrates,
872 2537 927 2621 qui
950 2541 1000 2601 est
1022 2537 1107 2621 apud
1135 2535 1327 2602 Pleionem:
1355 2537 1457 2602 videri
1479 2539 1542 2602 sibi

421 2659 575 2744 Gorgiam
602 2659 694 2743 quasi
725 2659 854 2726 σκολιόν
880 2659 1040 2745 quoddam
1068 2659 1228 2725 cecinisse.
1266 2659 1331 2726 Gur
1361 2661 1431 2726 ila?
1467 2653 1542 2729 ibes

422 2803 473 2849 σοι
503 2778 605 2849 αὐτίκ’
637 2777 678 2850 ἂν
701 2795 906 2872 παρασταῖεν
928 2785 961 2849 οἱ
984 2785 1174 2872 δημιουργοὶ
1177 2832 1258 2852 .....
1288 2784 1397 2872 ἰατρός
1424 2807 1462 2851 τε
1484 2789 1539 2851 καὶ

332 2895 334 2900 ’
421 2911 631 2995 παιδοτρίβης
657 2909 712 2974 καί
733 2908 963 2997 χρηματιστής,
982 2907 1009 2994 ²)
1029 2907 1148 2993 quippe
1165 2909 1222 2993 qui
1245 2913 1433 2976 accusarent
1454 2911 1540 2977 Gor-

421 3032 519 3118 giam,
543 3032 628 3116 quod
652 3054 699 3110 ea,
719 3055 802 3117 quse
829 3034 972 3118 ipsorum
991 3037 1106 3112 essent,
1131 3035 1253 3100 oratori
1271 3029 1448 3101 lribuisset.
1472 3035 1540 3102 Ne·

422 3179 484 3240 que
496 3156 591 3220 aliber
608 3157 641 3220 in
659 3157 767 3222 eadem
784 3180 881 3223 causa
893 3157 976 3242 apud
993 3156 1179 3223 Ciceronem
1191 3157 1358 3224 Scaevola:
1371 3157 1541 3246 »Agerent

422 3284 527 3345 tecum
553 3281 625 3366 lege
643 3282 787 3366 'primum
805 3281 1014 3368 Pylhagorici
1030 3299 1141 3347 omnes
1156 3303 1194 3345 ac
1213 3281 1404 3348 Democritii
1425 3279 1541 3349 celeri·

422 3427 485 3489 que
507 3427 564 3470 sua
586 3406 619 3468 in
639 3407 711 3488 jure
734 3406 857 3491 physici
882 3406 1087 3471 vindicarent.
1105 3405 1267 3490 Urgerenb
1283 3409 1450 3491 praeberes
1468 3408 1540 3493 phi-

422 3529 629 3613 losophorum
655 3551 824 3615 greges...
849 3530 963 3595 missos
978 3529 1061 3595 facio
1080 3529 1335 3608 malhemulicos‚
1351 3533 1539 3617 grammsli·

423 3675 485 3730 cos,
495 3649 709 3718 musicos’'-›
717 3652 925 3719 Perconlanbi
935 3659 1041 3719 autem
1050 3653 1173 3719 Socrati
1181 3653 1218 3718 de
1227 3653 1333 3732 rebus,
1344 3673 1428 3738 quae
1440 3657 1480 3721 ad
1488 3671 1538 3722 ar·

423 3781 489 3841 tem
506 3776 671 3855 medicem,
684 3777 842 3857 navalem,
855 3778 1040 3856 militarem,
1053 3778 1093 3842 ad
1105 3777 1354 3844 archilecluram
1366 3779 1538 3865 pertinenb,

422 3913 528 3964 nonne
549 3899 778 3982 poliusearum
797 3923 904 3966 rerum
919 3902 1013 3987 periti
1029 3900 1131 3966 audiri
1143 3901 1374 3988 soieanlquam
1384 3909 1539 3982 oratores,

422 4023 594 4108 respondel
617 4021 768 4109 Gorgias:
793 4025 826 4089 οί
852 4019 982 4113 ῥήτορές
1009 4025 1091 4092 εἰσιν
1119 4027 1151 4092 oi
1178 4028 1460 4112 συμβουλεύοντες
1486 4031 1540 4096 καὶ

457 4329 483 4388 l)
505 4324 534 4380 P.
555 4330 607 4382 45¹2
625 4327 657 4382 D.
677 4351 711 4365 -
730 4327 769 4382 De
785 4327 833 4382 Or.
851 4327 872 4382 Ι.
891 4326 934 4382 31.
955 4342 1012 4400 sqq.

457 4415 931 4492 quma—mmum
