3404 5198
701 561 743 631 25

164 798 293 843 monem
311 778 481 863 quemdam
504 780 542 845 de
564 777 671 843 studio
695 776 819 842 dicendi
842 773 1007 852 intulisse3
1038 773 1093 860 qui
1129 796 1202 840 oum
1235 771 1283 840 ita

166 905 251 967 esset
282 923 413 982 exorsus
448 924 475 969 e.
511 926 543 987 q.
578 903 625 967 s.''
660 941 705 951 -
738 903 830 987 quasi
864 901 998 984 antiqua
1031 899 1089 964 illa
1123 899 1283 982 colloquia

165 1025 218 1090 bio
241 1026 281 1090 ad
305 1027 437 1091 verbum
460 1028 692 1112 exprimantur,
715 1049 752 1092 ac
775 1030 880 1092 totum
905 1047 985 1109 opus
1008 1024 1120 1088 rivulis
1155 1023 1194 1087 ad
1225 1044 1283 1086 nos

165 1149 336 1214 deductum
352 1151 405 1228 sit,
417 1173 476 1216 nec
488 1151 577 1216 velut
590 1175 607 1217 e
619 1151 715 1236 pleno
726 1153 815 1216 fonte
827 1173 865 1216 ex
878 1149 1039 1215 Ciceronis
1052 1149 1158 1232 capite
1173 1168 1283 1212 mana·

165 1274 220 1337 rit.
232 1272 334 1358 Atqui
351 1296 413 1338 non
427 1275 474 1339 ita
485 1279 543 1340 est.
557 1276 608 1340 Ab
620 1277 691 1360 ipso
703 1276 846 1360 accipere
859 1275 945 1352 licet,
957 1271 1084 1358 qualem
1100 1272 1284 1337 libertatem

165 1397 228 1461 sibi
250 1397 284 1460 in
306 1397 489 1478 huiusmodi
513 1401 713 1464 sermonibus
731 1400 888 1488 fingendis
905 1418 1085 1464 concessam
1097 1397 1283 1462 arbitretur.

211 1521 309 1586 Initio
340 1522 425 1586 enim
456 1544 566 1586 eorum
600 1545 682 1606 quae
710 1524 748 1588 de
782 1546 817 1588 re
852 1522 981 1608 publica
1015 1522 1158 1606 scripsit:
1195 1521 1284 1586 »Nec

166 1667 243 1710 vero
266 1651 376 1710 nostra
399 1646 577 1730 quaedam,
611 1647 732 1732 inquit,
767 1652 815 1712 est
849 1648 1047 1713 instituenda
1079 1669 1163 1711 nova
1198 1650 1230 1710 et
1264 1667 1283 1710 a
1316 1676 1320 1683 ·

166 1769 260 1834 nobis
293 1770 425 1835 inventa
460 1772 562 1849 ratio,
597 1773 652 1837 sed
686 1774 781 1836 unius
811 1773 926 1837 aetatis
962 1773 1210 1837 clarissimorum
1246 1791 1283 1834 ao

166 1893 474 1978 sapientissimorum
498 1900 626 1961 nostrae
650 1898 790 1962 civitatis
813 1898 954 1962 virorum
985 1896 1158 1982 disputatio
1191 1916 1282 1978 repe·

166 2018 263 2082 tenda
286 2019 439 2084 memoria
461 2024 527 2097 est,
552 2022 736 2104 quaemihi
760 2022 882 2105 tibique
911 2021 1070 2105 quondam
1103 2019 1283 2084 adolescen-

166 2141 237 2207 tulo
260 2147 308 2206 est
332 2165 351 2207 a
374 2143 409 2207 P.
434 2144 558 2214 Rutilio
570 2145 667 2222 Rufo,
686 2145 841 2229 Zmyrnae
854 2168 925 2210 cum
938 2145 1034 2210 simul
1046 2165 1184 2209 essemus
1196 2164 1283 2207 com·

165 2265 275 2350 plures
297 2267 373 2344 dies,
403 2269 581 2352 exposita'’.
604 2268 632 2354 1)
667 2269 711 2334 Et
744 2291 855 2334 revera
888 2268 1062 2334 Africanus
1096 2271 1130 2332 et
1153 2265 1282 2330 Laelius

166 2412 340 2474 eorumque
363 2392 511 2475 aequales
533 2393 680 2477 deinceps
702 2393 870 2478 loquentes
899 2395 1107 2459 inducuntur.
1136 2391 1282 2475 Apparet

165 2517 275 2579 autem
298 2536 337 2578 ex
360 2515 496 2598 quadam
522 2516 658 2600 epistola
682 2518 721 2581 ad
744 2519 889 2596 fratrem,
912 2516 1095 2583 Ciceronem
1109 2514 1281 2600 aliquando

165 2658 238 2703 cum
260 2638 334 2704 illos
357 2638 457 2704 libros
478 2641 650 2718 scriberet,
674 2664 784 2706 omnes
807 2642 880 2706 illos
908 2665 1069 2708 sermones
1105 2641 1165 2706 sibi
1200 2640 1282 2704 suis·

164 2784 228 2845 que
250 2763 436 2846 aequalibus
459 2764 619 2830 tribuisse.
633 2766 807 2851 Postquam
820 2767 904 2832 enim
917 2790 1020 2832 sermo
1033 2767 1199 2832 institutus
1212 2768 1282 2828 erat

165 2886 309 2951 Africani
332 2887 442 2972 paullo
466 2893 542 2952 ante
564 2895 710 2969 mortem,
734 2895 767 2955 et
790 2890 887 2968 Phili,
910 2891 1047 2970 Manilii,
1070 2887 1283 2955 &Tuberonis

165 3015 198 3076 et
220 3011 322 3076 Laelii
345 3035 553 3098 generorum,
578 3013 693 3078 Fannii
717 3019 749 3078 et
773 3013 943 3080 Scaevolae
966 3013 1169 3079 »admonitus
1193 3034 1281 3086 sum,

164 3135 287 3220 inquit,
306 3137 347 3201 ab
369 3137 427 3201 illo
450 3136 618 3224 (salustio)
642 3136 744 3202 multo
776 3138 895 3202 maiore
919 3137 1111 3202 auctoritate
1144 3134 1208 3200 illis
1243 3134 1281 3197 de

164 3262 262 3326 rebus
286 3261 348 3326 dici
370 3284 478 3346 posse,
503 3262 530 3326 si
553 3262 621 3345 ipsc
643 3260 792 3344 loquerer
815 3260 854 3324 de
878 3258 1059 3343 republica,
1094 3253 1282 3341 praesertim

164 3409 236 3450 cum
262 3408 363 3450 essem
387 3409 449 3450 non
473 3384 657 3450 Heraclides
681 3385 834 3449 Ponticus
857 3384 911 3448 sed
935 3383 1109 3448 consularis
1126 3383 1209 3458 etis,
1225 3379 1280 3464 qui

165 3510 196 3574 in
219 3510 366 3574 maximis
389 3514 534 3574 versatus
557 3510 590 3574 in
614 3532 649 3575 re
672 3509 799 3593 publica
822 3510 916 3574 rebus
947 3531 1062 3584 essem3
1098 3529 1179 3591 quae
1214 3509 1282 3569 tam

164 3633 307 3718 antiquis
330 3634 513 3700 hominibus
536 3635 757 3710 attribuerem,
779 3656 817 3698 aa
839 3633 942 3698 visum
965 3633 1004 3697 iri
1029 3633 1196 3705 fictaesse;
1210 3652 1281 3695 ora-

164 3763 271 3825 torum
294 3780 472 3823 sermonem
496 3758 530 3823 in
553 3758 673 3823 nostris
695 3758 798 3836 libris,
822 3758 907 3842 quod
931 3763 1015 3822 esset
1035 3757 1073 3821 de
1095 3755 1220 3820 ratione
1233 3755 1282 3819 di·

165 3883 265 3960 cendi,
290 3882 372 3946 belle
396 3906 415 3947 a
436 3905 485 3947 me
509 3884 695 3958 removisse;
719 3884 758 3948 ad
782 3905 836 3948 eos
860 3889 966 3947 tamen
1002 3881 1165 3946 rettulisse
1200 3902 1280 3963 qnos

165 4010 233 4094 ipse
257 4007 436 4071 vidissem.'’
461 4009 486 4093 ²)
508 4008 554 4073 Ut
577 4009 610 4072 in
634 4007 832 4071 Academicis
849 4007 944 4070 etiam
960 4006 1111 4069 tractatio
1128 4003 1185 4068 illa
1200 4026 1282 4092 quae

166 4208 325 4216 *-

202 4312 230 4375 1)
247 4309 288 4364 De
307 4309 374 4379 Rep.
393 4311 412 4364 l.
433 4315 475 4366 13.

203 4397 536 4476 fflMQbLffib
