3404 5198
661 1612 728 1744 r.

327 1939 448 2027 QUID
476 1935 571 2013 SIBI
597 1937 868 2011 Pncrceurr
894 1935 1098 2010 CICEROt

636 2185 795 2194 --.-—-.-—-

200 2411 396 2498 Peruulgata
411 2413 479 2494 jam
498 2415 547 2476 est
567 2411 675 2494 optnio
688 2409 875 2476 Ciceronem
892 2409 974 2475 nihil
991 2431 1130 2494 uuquam
1146 2412 1276 2495 quaesi-

135 2538 240 2602 ·visse
264 2536 324 2600 nisi
349 2535 519 2620 gloriolam
548 2556 648 2598 suam.
678 2532 759 2616 Sunt
787 2533 871 2597 enim
902 2531 995 2598 hodie
1022 2533 1118 2598 muni
1146 2535 1276 2601 omnino

158 2658 452 2743 Cicero-mastiges‚
475 2658 532 2741 qui
551 2658 656 2722 nescio
677 2680 741 2741 qno
760 2657 859 2720 animi
876 2661 965 2723 motu
986 2659 1111 2744 abrepti
1133 2660 1276 2743 praecla-

160 2785 285 2850 rissimo
319 2784 538 2850 Romanorum
574 2782 695 2848 oratori
719 2782 771 2847 vix
795 2783 964 2867 quicquam
993 2805 1076 2848 verae
1099 2782 1201 2848 laudis
1225 2805 1277 2848 re-

157 2908 303 2992 linquere
332 2908 443 2973 velint.
473 2906 680 2991 Reipublicae
703 2906 859 2993 gerendae
881 2906 1156 2990 imperitissimum
1182 2908 1277 2972 illum

158 3033 373 3116 proclamant,
396 3032 429 3095 in
454 3031 555 3096 causis
571 3032 702 3118 agendis
726 3031 899 3115 aequitatis
922 3031 1130 3115 veritatisque
1149 3033 1277 3116 penitus

158 3155 328 3241 ignarum
355 3153 513 3238 quidquid
536 3154 702 3243 cogitauit,
727 3155 817 3232 dixit,
840 3154 927 3232 fecit,
950 3155 990 3219 ad
1014 3177 1110 3219 unam
1134 3156 1203 3241 ejus
1227 3157 1276 3221 in-

159 3279 350 3362 explebilem
366 3279 471 3344 laudis
484 3278 691 3362 cupiditatem
706 3278 862 3354 referunt3
879 3279 977 3343 immo
995 3278 1046 3343 vel
1056 3280 1158 3364 ipsam
1175 3281 1276 3366 scrip·

161 3403 241 3468 toris
255 3402 392 3488 gloriam
405 3402 517 3470 multis
528 3401 631 3466 modis
650 3403 799 3467 arrodere
814 3408 847 3468 et
858 3402 983 3467 elevare
995 3409 1161 3474 conantur.
1177 3405 1277 3470 Velut

160 3527 352 3612 paucissima
379 3530 454 3590 sunt
487 3526 521 3590 in
556 3524 725 3604 Cicerone,
752 3549 833 3614 quae
863 3525 1005 3592 Martino
1029 3527 1205 3607 sebenno,
1240 3533 1278 3594 ut

162 3651 266 3717 virum
294 3651 421 3716 doctum
443 3673 510 3716 non
541 3651 670 3718 infimae
700 3655 796 3718 notae
823 3651 996 3734 proferam,
1022 3654 1198 3736 probentur
1221 3658 1279 3718 aut

161 3775 213 3840 vel
235 3775 368 3841 minima
391 3774 485 3838 laude
508 3774 605 3860 digna
629 3775 810 3840 videantur:
836 3776 950 3840 merita
968 3776 1075 3840 omnia
1090 3777 1123 3840 in
1145 3776 1279 3841 dubium

161 3904 370 3975 revocantum
395 3899 566 3977 vanitatis,
590 3900 833 3978 ostentationis,
856 3900 1022 3988 ignaviae,
1044 3901 1280 3966 inconstantiae

162 4028 318 4110 perpetua
345 4028 394 4089 est
420 4023 590 4092 incusatio.
617 4023 646 4114 ¹)
678 4024 834 4108 Equidem
862 4047 927 4090 non
953 4025 1048 4092 facile
1076 4026 1214 4092 adducar
1243 4029 1280 4090 ut

163 4241 323 4250 ——n—--

196 4362 227 4432 ¹1)
252 4360 308 4418 Otr.
328 4361 425 4420 Gesch.
445 4365 471 4423 d.
489 4360 567 4419 Rom.
585 4361 636 4420 Ln.
656 4365 790 4435 pag.·re5
809 4365 836 4418 ff.
855 4366 884 4418 in
906 4364 951 4420 ln.
969 4381 994 4420 v.
1013 4363 1112 4422 Mulier
1130 4362 1235 4422 Handb.
1255 4363 1280 4422 d.

164 4453 202 4509 kl.
221 4453 369 4510 Alterthn.
