3366 5206
711 564 755 636 99

174 801 300 848 movere
315 820 354 832 -·
368 775 484 870 ἐπειδὴ
499 782 595 866 λόγον
611 782 748 866 δύναμις
765 783 918 865 τυγχάνει
937 792 1128 876 ψυχαγωγία
1147 773 1240 870 οὖσα,
1262 788 1288 878 ¹)

171 905 216 971 sic
234 905 335 969 etiam
353 903 463 972 Cicero
486 904 645 971 neminem
657 904 810 1000 disertum
823 929 891 972 esse
903 908 959 987 ait,
972 916 1109 978 »natura
1120 912 1286 981 hominum

168 1027 333 1113 incognita
351 1049 389 1094 ac
413 1027 586 1094 moribus.”
610 1028 647 1092 ld
671 1028 756 1113 quod
779 1030 889 1114 paullo
911 1032 995 1097 infra
1017 1033 1284 1120 latiusexplicut:

168 1151 265 1226 »Quis
289 1152 373 1216 enim
396 1152 519 1230 nescit,
541 1153 658 1236 inquit,
687 1153 857 1244 munimem
885 1154 948 1219 vim
971 1157 1121 1224 exsistere
1145 1161 1282 1226 cratoris

165 1274 200 1338 in
222 1274 389 1339 hominum
412 1275 573 1340 mentibus
597 1274 650 1341 vel
676 1276 819 1340 adirem
853 1280 909 1341 aut
942 1279 982 1343 ad
1012 1280 1120 1345 odium
1149 1286 1207 1348 aut
1240 1283 1282 1348 ad

165 1397 306 1463 dolorem
342 1399 513 1463 incitandis
548 1398 599 1463 vel
629 1399 670 1462 ab
700 1397 788 1464 hisce
822 1398 938 1464 eisdem
967 1403 1218 1484 permotionibus
1241 1407 1282 1472 ad

163 1521 329 1588 lenitatem
353 1523 664 1606 misericordiamque
691 1522 899 1587 revocandis?
923 1521 1027 1601 Quae,
1059 1525 1121 1590 nisi
1144 1527 1199 1611 qui
1221 1550 1279 1592 na·

162 1651 251 1711 turas
282 1615 449 1712 hominum
486 1647 611 1730 vimque
635 1666 761 1709 omnem
784 1643 996 1710 humanitatis
1018 1668 1192 1731 causasque
1215 1669 1278 1728 eas,

161 1769 277 1854 quibus
300 1775 424 1836 mentes
447 1774 504 1834 aut
525 1769 701 1834 incitantur
723 1772 780 1833 aut
804 1767 1026 1846 reflectuntur,
1054 1769 1181 1853 penitus
1204 1792 1278 1855 per-

159 1893 308 1976 spexerit,
332 1892 464 1957 dicendo
487 1892 572 1975 quod
597 1891 682 1955 volet
704 1891 855 1974 perficere
877 1912 942 1956 non
965 1891 1115 1975 poterit''.
1134 1931 1177 1942 -
1196 1891 1274 1960 Irri-

159 2016 212 2081 det
234 2012 329 2080 Plato
352 2016 496 2080 rhetores
512 2015 605 2079 illius
636 2014 799 2098 temporis,
822 2015 918 2098 quod,
941 2037 1013 2080 cnm
1044 2014 1126 2081 nihil
1155 2021 1275 2101 praeter

158 2138 377 2205 collocationis
399 2144 433 2204 et
453 2138 641 2204 elocutionis
665 2143 835 2222 praccepta
857 2160 967 2202 corum
980 2143 1049 2206 arte
1061 2140 1272 2220 contineatur,

158 2261 259 2345 ipsam
267 2266 370 2326 artem
380 2284 420 2326 ne
428 2262 692 2346 definirequidem
702 2261 835 2343 possint:
845 2256 884 2325 οὗ
894 2265 956 2350 χρὴ
965 2264 1179 2342 χαλεπαίνειν
1187 2259 1270 2344 ellit

155 2386 398 2469 σνγγγινιόσκειν
421 2385 455 2450 εἴ
473 2407 558 2458 τινες
579 2381 626 2472 μὴ
649 2379 865 2467 ἐπιστάμεναι
886 2384 1097 2467 διαλέγεσθαι
1115 2379 1270 2455 ἀδύνατοι

155 2505 301 2590 ἐγένοντο
327 2501 511 2594 ὁρίσασθαι,
535 2512 570 2572 τί
588 2507 664 2572 ποτ’
688 2505 759 2572 ἔστι
781 2500 940 2594 ῥητορικὴ.
963 2507 989 2592 ²)
1012 2507 1113 2584 Quam
1136 2511 1267 2577 eandem

152 2654 282 2715 prorsus
313 2631 506 2696 sententiam
535 2631 575 2696 de
609 2632 674 2695 suis
705 2627 891 2714 aequalibus
913 2630 1107 2713 pronunciet
1128 2631 1265 2700 Tullius.

153 2755 266 2834 ›Istos,
291 2756 406 2839 inquit,
431 2779 482 2820 me
505 2759 635 2821 auctore
658 2755 798 2819 deridete
822 2758 918 2838 atque
941 2755 1144 2836 contemnite,
1164 2757 1265 2841 quise

151 2878 283 2957 borum,
307 2880 363 2963 qui
386 2901 470 2944 nunc
492 2880 539 2943 itu
562 2878 782 2962 appellantur,
806 2875 971 2940 rhetorum
993 2879 1172 2962 praeceptis
1195 2901 1264 2946 om-

149 3023 220 3068 nem
255 3007 420 3068 orstorum
446 3003 508 3067 vim
533 3002 714 3085 complexos
743 3022 810 3065 esse
844 3001 1043 3066 arbitrantur
1076 3022 1179 3088 neque
1206 3005 1263 3070 ud·
1319 3015 1323 3024 '

148 3126 221 3203 huc,
245 3147 341 3210 quam
366 3149 533 3210 personam
548 3130 679 3191 teneant
691 3129 748 3189 aut
760 3125 836 3207 quid
847 3125 1068 3208 profiteantur,
1080 3126 1260 3210 intelligere

147 3250 353 3335 potuerunt.''
390 3251 547 3315 Rhetores
570 3251 655 3314 enim
678 3251 757 3313 istos
781 3252 812 3313 et
834 3248 928 3312 Plato
950 3253 983 3314 et
1005 3249 1115 3314 Cicero
1138 3257 1260 3338 negant

146 3374 326 3458 perspicere
358 3373 448 3438 illam
478 3373 679 3459 eloquentiae
709 3376 868 3449 naturam,
899 3373 1046 3457 quaesit
1076 3374 1156 3452 ruis,
1178 3395 1260 3459 qnae

144 3498 312 3562 scientiam
336 3498 501 3581 complexa
526 3519 632 3562 rerum
655 3518 746 3562 sense
770 3497 886 3560 mentis
909 3501 942 3560 et
965 3496 1098 3562 consilia
1120 3497 1165 3562 sic
1188 3519 1259 3562 ver-

144 3619 195 3684 bis
218 3619 368 3704 explicet,
392 3625 429 3684 ut
453 3642 505 3686 eos
529 3622 951 3705 quiaudient,quocumque
974 3620 1166 3698 incubuerit,
1185 3641 1258 3705 pos·

142 3744 188 3808 sit
210 3743 408 3828 impellere.”

187 3970 219 4038 N
223 3997 282 4039 unc
305 3973 488 4039 brevissime
512 3975 550 4039 de
574 3972 753 4040 ›Civitate''
778 3974 932 4039 Platonis.
949 3973 1034 4052 Nam
1049 3975 1257 4043 dubiumnon

138 4170 303 4180 -α--ι-υ-ι

176 4297 204 4367 l)
224 4291 253 4351 P.
273 4295 324 4351 271
343 4291 375 4351 D.
395 4324 429 4334 -
447 4293 487 4351 De
505 4293 550 4350 Or.
569 4293 589 4347 l.
608 4297 652 4350 53.

175 4387 202 4460 2)
223 4386 255 4440 P·
275 4387 326 4440 269
345 4383 376 4443 B.
393 4413 429 4424 -··
447 4385 487 4441 De
505 4383 550 4439 Or.
568 4384 613 4441 lll.
633 4387 675 4456 54,
695 4386 738 4442 55.
