3404 5198
948 525 990 594 56

410 740 596 828 magnificos
619 740 658 808 de
680 763 757 808 vera
778 740 915 807 oratoris
945 740 1100 807 tacultate
1136 738 1296 806 Antonius
1332 738 1533 827 Crassusque

409 867 655 950 praedicarunt?
679 865 759 931 Cum
783 888 833 931 res
856 887 1026 948 rerumque
1049 887 1161 930 causas
1185 866 1305 948 optime
1317 867 1455 942 noverit,
1472 887 1532 949 op-

381 1075 384 1082 ,
413 988 493 1053 tima
516 1010 661 1073 quaeque
684 992 718 1052 et
740 987 912 1053 utilissima
933 987 1069 1053 dilucide
1092 988 1233 1067 docebit,
1263 990 1445 1054 firmissime
1476 989 1533 1053 de-

411 1112 620 1187 monstrabit;
644 1135 717 1177 cum
740 1113 783 1176 sit
807 1112 854 1176 vir
877 1111 980 1176 bonus
1003 1115 1101 1196 atque
1132 1113 1206 1178 talis
1241 1115 1389 1193 omnino,
1425 1113 1532 1198 qualis

410 1235 509 1300 videri
532 1237 660 1321 cupiat,
683 1235 778 1302 facile
801 1236 943 1300 omnium
967 1236 1091 1300 animos
1114 1237 1303 1316 delectabit,
1328 1236 1531 1315 conciliabit,

410 1359 534 1443 sibique
556 1361 727 1437 devinciet;
750 1382 822 1424 oum
847 1360 954 1424 omnia
974 1359 1180 1425 voluntatum
1203 1365 1368 1426 momenta
1389 1360 1531 1445 perdidi·
1581 1349 1586 1359 ¹

410 1483 501 1561 cerit,
513 1488 645 1549 cunctos
656 1484 696 1548 ad
707 1506 870 1549 assensum
882 1483 1090 1575 permovebit.
1102 1484 1123 1549 J
1125 1506 1176 1549 am
1189 1486 1271 1569 quis,
1283 1507 1412 1570 quaeso,
1425 1485 1533 1570 aptior

411 1608 587 1693 excogitari
609 1612 737 1691 potest,
760 1608 816 1692 qui
839 1607 958 1691 praesit
988 1608 1173 1673 hominibus
1202 1609 1305 1692 iisque
1339 1610 1532 1693 persuadeat

412 1734 449 1795 ut
472 1730 615 1795 civitates
639 1732 794 1808 condant,
818 1734 1023 1808 conservent,
1047 1730 1194 1797 excolant
1223 1731 1366 1819 legibus,
1399 1737 1437 1796 ut
1467 1733 1532 1797 vir-

412 1857 498 1919 tutes
521 1859 699 1932 sectentur,
723 1856 852 1942 fugiant
882 1855 980 1932 vitia,
1014 1855 1152 1938 puniant
1187 1856 1367 1939 improbos,
1403 1860 1533 1921 servent

412 1977 538 2042 bonos?

457 2101 545 2166 Haec
568 2101 702 2185 perfecti
724 2102 860 2167 oratoris
883 2102 1003 2185 species
1026 2103 1059 2167 in
1083 2103 1244 2170 Ciceronis
1275 2107 1381 2168 mente
1412 2104 1531 2169 inside-

415 2225 480 2302 bat,
505 2247 568 2289 non
592 2225 686 2289 modo
709 2247 782 2289 oum
806 2247 876 2289 eam
899 2229 1009 2308 postea
1030 2227 1063 2291 in
1081 2250 1138 2293 suo
1152 2227 1329 2293 ›Oratore''
1342 2227 1532 2292 adumbrare

413 2353 510 2433 atque
534 2349 705 2434 depingere
729 2353 911 2426 conaretur,
936 2350 990 2414 sed
1009 2351 1078 2433 jam
1099 2356 1180 2429 tum,
1204 2373 1277 2416 cum
1298 2351 1386 2415 hisce
1410 2371 1532 2414 sermo·

413 2471 506 2535 nibus
528 2472 611 2535 viam
637 2476 669 2536 et
699 2472 759 2536 iter
792 2472 831 2535 ad
866 2473 1039 2556 perfectam
1075 2474 1291 2560 eloquentiam
1326 2476 1531 2538 monstraret.

412 2594 514 2670 Quam
527 2595 611 2658 enim
624 2616 718 2678 saepe
735 2599 854 2672 monet,
873 2617 937 2660 non
957 2595 995 2660 de
1015 2601 1141 2662 oratore
1161 2599 1306 2682 quolibet
1324 2597 1379 2662 sed
1399 2596 1438 2661 de
1457 2617 1532 2681 per-

412 2718 496 2784 lecto
520 2723 645 2783 oratore
668 2741 702 2784 se
725 2741 892 2804 quaerere:
928 2724 961 2784 et
994 2743 1066 2786 cum
1102 2719 1280 2787 Antonium
1316 2726 1348 2785 et
1382 2719 1533 2784 Crassum

412 2846 649 2932 praesagientes
671 2847 801 2924 faceret,
826 2848 895 2911 fore
918 2844 1057 2930 aliquem
1079 2844 1262 2928 aliquando,
1290 2844 1345 2927 qui
1368 2848 1451 2909 esset
1463 2865 1532 2907 om-

413 2968 507 3033 nibus
529 2970 672 3033 numeris
695 2970 863 3036 absolutus
887 2973 1005 3045 orator,
1017 2990 1080 3032 non
1094 2969 1211 3053 potius,
1231 2968 1354 3052 opinor,
1366 2967 1405 3030 de
1417 2989 1450 3032 se
1462 2967 1532 3050 ipso

412 3094 584 3181 cogitavit,
610 3116 704 3178 quam
729 3094 767 3158 de
790 3116 827 3158 ea
850 3092 985 3158 oratoris
1007 3092 1127 3176 forma,
1151 3113 1247 3175 quam
1266 3091 1368 3156 etiam
1391 3089 1425 3154 in
1450 3089 1532 3154 Ora-

411 3222 482 3282 tore
506 3219 668 3282 animose
693 3239 821 3282 cernere
843 3215 968 3301 ajebat,
992 3216 1062 3299 ipsa
1086 3238 1120 3279 re
1143 3213 1260 3278 vidisse
1291 3213 1441 3298 negabat.

455 3340 545 3405 Sicut
567 3344 673 3405 autem
688 3362 762 3405 vera
773 3339 956 3423 eloquentia
968 3339 1130 3405 Ciceronis
1139 3337 1261 3424 judicio
1273 3339 1342 3400 erat
1356 3336 1436 3414 svis,
1449 3359 1531 3422 qnae

411 3464 577 3528 scientiam
600 3462 765 3547 complexa
789 3484 895 3526 rerum
920 3485 1013 3527 sensa
1035 3458 1340 3550 mentisetconsilia
1357 3460 1528 3544 explicat,”

410 3587 477 3651 sire
505 3590 541 3649 ut
564 3587 706 3669 apertius
729 3585 844 3661 etiam,
868 3585 900 3648 in
929 3585 1161 3653 Partitionibus
1174 3583 1345 3649 Oratoriis:
1379 3584 1528 3666 »copiose

410 3709 543 3792 loquens
562 3705 756 3791 sapientia;‘'
779 3707 825 3771 ita
848 3706 1085 3792 philosophiam
1108 3710 1177 3774 sine
1200 3709 1385 3793 eloquentia
1405 3707 1531 3771 mendi-

410 3853 479 3896 cam
503 3851 571 3895 esse
595 3829 731 3907 dicebat,
756 3836 788 3895 et
811 3831 985 3914 perfectum
1009 3836 1168 3897 oratorem
1191 3830 1442 3915 cophilosophis
1461 3853 1530 3895 om-

409 3956 503 4020 nibus
526 3958 704 4039 praestare,
727 3939 811 4040 quod
835 3955 874 4019 ad
899 3977 1025 4020 omnem
1058 3953 1188 4018 illorum
1223 3955 1391 4018 scientiam
1426 3957 1529 4017 artem

409 4080 540 4145 adderet
564 4101 664 4143 suam.

454 4203 506 4269 Sic
529 4203 632 4290 igitur
654 4201 860 4288 intelligitur,
874 4202 951 4286 quid
964 4202 1017 4279 sit,
1041 4223 1096 4266 cur
1110 4201 1287 4284 perfectum
1299 4199 1528 4285 philosophum

408 4351 427 4393 a
451 4327 591 4411 perfecto
615 4328 742 4390 oratore
762 4329 828 4389 tam
851 4345 965 4409 parum
989 4325 1107 4389 distare
1131 4327 1271 4402 censeat,
1287 4327 1325 4389 ut
1335 4323 1449 4388 iisdem
1460 4322 1530 4388 lau·
