3404 5198
691 579 733 652 59

150 807 359 882 consectatur,
381 806 418 868 ut
440 825 478 868 ea
495 800 611 888 jubeat
633 800 733 886 sequi,
756 822 838 884 quae
861 800 987 884 assequi
1012 820 1105 866 nemo
1128 759 1260 886 posuit‘l

151 928 378 1013 Nequaquam
408 929 563 1010 perpetuo
592 924 678 989 enim
702 925 875 1012 significat,
897 925 975 1010 quid
998 926 1031 990 in
1055 926 1191 990 oratoris
1213 928 1264 991 in-

150 1053 317 1118 stitutione
340 1053 383 1116 sit
401 1049 617 1136 perfectionis,
633 1049 709 1132 quid
728 1048 942 1123 necessitatis;
962 1051 995 1113 et
1014 1050 1160 1132 quamvis
1180 1050 1264 1117 hanc
1342 1067 1346 1074 ’

151 1177 286 1244 oratoris
307 1175 537 1261 praestantiam
560 1174 692 1239 arduam
715 1178 748 1237 et
769 1172 925 1238 excelsam
948 1194 1015 1238 esse
1039 1173 1202 1239 ostendat:
1227 1181 1265 1240 ut

150 1307 255 1368 tamen
277 1324 348 1367 eam
371 1301 573 1385 aliquatenus
595 1298 774 1374 adumbres‚
798 1301 835 1361 ut
858 1297 1053 1362 satisbonus
1071 1297 1268 1381 decorator,

152 1426 182 1491 id
205 1428 300 1492 modo
324 1425 416 1491 bonis
439 1428 531 1490 eatur
551 1425 621 1501 viis,
640 1445 705 1488 non
717 1421 887 1486 admodum
906 1421 1035 1485 difficile
1055 1443 1123 1487 esee
1141 1422 1268 1505 probat.

152 1548 290 1615 Etiamsi
325 1554 458 1620 conatus
493 1553 620 1613 nostros
654 1547 694 1611 ad
733 1567 892 1611 summum
938 1568 1003 1610 non
1036 1545 1101 1610 sint
1135 1567 1270 1630 perven-

152 1675 238 1752 turi,
279 1674 388 1760 magni
426 1676 533 1737 tamen
568 1671 664 1756 pretii
698 1672 784 1746 fore:
818 1709 860 1719 —
892 1669 1002 1735 multis
1029 1670 1114 1734 enim
1137 1669 1271 1734 rationi·

152 1799 210 1863 bus
244 1802 276 1862 et
309 1797 484 1883 praeclaris
520 1796 676 1880 exemplis
705 1795 924 1873 demonstrat,
954 1793 1113 1877 quamsit
1134 1792 1213 1858 illud
1236 1794 1270 1858 in

153 1922 287 1986 oratoris
309 1920 416 1986 studio
440 1941 554 1984 verum
586 1918 715 1985 »Prima
745 1925 931 2006 sequentem
962 1918 1131 1982 honestum
1159 1922 1208 1982 est
1235 1918 1268 1982 in

154 2043 296 2110 secundis
338 2043 507 2127 tertiisque
531 2042 726 2108 consisterc”
754 2047 917 2128 -atque
949 2042 1003 2106 »in
1032 2041 1270 2126 praestantibus

155 2167 245 2232 rebus
269 2189 386 2254 magna
411 2171 485 2231 sunt
509 2189 556 2243 ea,
580 2187 662 2250 quae
685 2169 760 2230 sunt
782 2165 913 2250 optimis
936 2166 1113 2251 proxima.”

196 2291 282 2368 Quae
304 2291 523 2370 cumitasint‚
548 2291 636 2375 quid,
661 2313 791 2376 quaeso,
808 2291 881 2375 jure
905 2293 944 2356 in‘
960 2313 997 2356 ea
1009 2290 1171 2355 Ciceronis
1185 2290 1270 2354 vitu·

154 2415 334 2500 parabimus
343 2414 524 2480 sententia?
533 2413 652 2480 Utrum
664 2417 749 2500 quod
761 2439 818 2502 per
830 2415 1044 2501 eloquentiam
1056 2414 1122 2479 sive
1130 2437 1187 2499 per
1195 2437 1268 2480 ora-

32 2541 33 2634 ]
155 2539 229 2605 toris
254 2561 364 2604 vocem
386 2538 579 2622 sapientium
602 2538 708 2604 studia
727 2539 767 2604 ad
790 2541 927 2605 salutem
950 2540 1116 2606 bominum
1145 2539 1269 2605 utilite·
1380 2627 1384 2634 ἡ

32 2729 33 2760 q
156 2667 282 2747 temque
311 2662 441 2728 volebat
465 2663 607 2728 directa?
645 2661 691 2727 Aa
725 2664 811 2727 omni
835 2664 962 2748 quidem
986 2668 1129 2749 tempore
1153 2686 1271 2751 magna

32 2819 33 2844 r
155 2788 214 2852 fuit
235 2787 284 2852 vis
307 2787 527 2872 eloquentiae;
550 2808 608 2851 nec
624 2787 742 2851 attinet
758 2787 924 2852 ostendere
947 2787 1085 2852 multum
1111 2810 1164 2853 eos
1187 2809 1270 2852 sem·

32 2927 33 2960 ³
155 2934 209 2996 per
230 2913 270 2976 ad
290 2911 483 2996 populorum
496 2910 633 2975 salutem
646 2909 783 2975 valuisse
795 2911 913 2994 probos
930 2911 1027 2988 viros,
1045 2901 1104 2995 qui
1123 2912 1271 2995 ›sapien-

156 3035 217 3100 tia”
242 3035 300 3100 illa
325 3035 473 3120 »copiose
493 3034 664 3119 loquenti”
687 3033 899 3098 excellerent:
923 3056 1047 3118 semper
1066 3039 1174 3100 autem
1197 3034 1271 3099 illos

155 3160 317 3245 cogitabat
340 3162 483 3246 oratores
507 3158 633 3234 Cicero,
670 3157 855 3241 quiessent
880 3157 941 3221 viri
968 3157 1054 3222 boni.
1087 3157 1141 3222 »Si
1164 3157 1273 3242 probi·

157 3283 241 3361 tatis,
265 3283 396 3367 inquit,
419 3286 452 3347 et
477 3282 667 3367 prudentiae
691 3281 874 3365 expertibus
897 3281 1019 3346 dicendi
1049 3281 1173 3366 copiam
1203 3285 1271 3346 tra-

156 3405 331 3485 diderimus,
355 3428 420 3471 non
437 3428 491 3471 eos
503 3406 630 3490 quidem
642 3409 787 3470 oratores
801 3405 1007 3483 effecerimus,
1025 3406 1078 3471 sed
1090 3404 1271 3470 furentibus

156 3530 301 3612 quasdam
324 3551 414 3594 arma
438 3528 648 3596 dederimus.’'
670 3530 695 3616 ¹)
719 3529 856 3593 Romani
881 3551 968 3606 vero,
986 3530 1041 3614 qui
1059 3528 1271 3594 eruditionem

156 3656 185 3716 et
204 3653 382 3718 doctrinam
405 3675 496 3718 suam
520 3654 560 3717 ad
583 3654 702 3718 bonum
730 3651 891 3736 publicam
911 3653 1083 3737 cupiebant
1112 3651 1265 3728 conferre,

157 3798 220 3841 eam
247 3777 437 3843 facultatem
464 3777 525 3842 nisi
547 3777 581 3842 in
605 3797 773 3842 causarum
803 3775 985 3841 defensione
1016 3781 1048 3841 et
1079 3776 1112 3839 in
1136 3774 1181 3838 rei
1206 3797 1268 3858 pu·

156 3898 249 3966 blicae
271 3900 547 3965 administratione
570 3901 623 3965 vir
646 3899 869 3973 inveniebant3
901 3900 1034 3965 »docere
1063 3898 1148 3962 enim
1172 3898 1263 3981 quasi

32 4053 33 4070 r
153 4021 278 4088 inludo
302 4023 492 4109 dignitatem
515 4047 579 4088 non
604 4024 780 4098 habebat”;
803 4023 830 4108 ²)
855 4024 894 4088 ad
917 4020 1264 4088 causasdelendendas

160 4203 312 4214 *-

189 4324 460 4386 Ufflfflfflffl

189 4415 215 4479 2)
232 4413 277 4470 Or.
298 4418 360 4468 144.
