3366 5206
977 563 1018 631 86

441 783 607 866 quaestio,
632 783 714 847 sitne
737 780 846 867 aliqua
869 801 920 844 ars
945 779 1079 857 dicendi,
1102 781 1186 864 quod
1209 786 1366 867 pernegat
1392 779 1551 847 Socrates:

444 901 589 990 Οὐδεμία
602 905 711 991 ἔμοιγε
728 911 823 984 δοκεῖ,
837 892 862 970 ci
875 908 980 984 Πῶλε,
1000 901 1041 979 ὥς
1051 928 1087 988 γε
1101 899 1185 992 πρὸς
1199 905 1234 970 σὲ
1251 899 1381 992 τάληθῆ
1394 904 1551 991 εἰρῆσθαι.

439 1031 526 1106 Quae
549 1031 719 1110 sententia,
735 1030 881 1114 deinceps
899 1031 969 1096 fuse
991 1034 1141 1107 tractata,
1158 1029 1366 1094 confirmatur
1385 1027 1446 1092 hac
1462 1050 1553 1112 prae·

437 1155 548 1219 sertim
582 1155 707 1219 ratione
743 1149 814 1220 »ὅτι
845 1149 902 1219 οὐκ
936 1154 1005 1235 ἔχει
1028 1155 1123 1238 λόγον
1157 1147 1273 1218 uiduae
1298 1137 1341 1216 aiv
1375 1151 1554 1238 προςφέρει

437 1271 525 1344 ὁποῖ’
546 1279 627 1344 α’τια
640 1273 699 1366 τὴν
711 1278 810 1364 φύσιν
836 1273 936 1357 ἐστίν,
956 1275 1034 1354 ὥςιε
1051 1274 1110 1368 τὴν
1129 1277 1238 1343 αἴτιον
1257 1277 1392 1344 ε’κιίστοο
1405 1271 1452 1364 μὴ
1469 1275 1554 1357 ἔχειν

436 1396 576 1468 εἷπεῖν.”
591 1403 616 1488 ¹)
634 1441 669 1451 -
685 1401 761 1466 Illas
784 1402 870 1466 enim
887 1402 971 1468 solas
985 1404 1144 1468 humanas
1151 1401 1333 1478 facultates,
1351 1423 1433 1486 quae
1445 1401 1485 1465 ad
1499 1401 1553 1464 bo-

434 1547 511 1590 num
525 1531 557 1590 et
570 1526 740 1590 honestum
756 1526 949 1612 dirigantur,
962 1550 1091 1593 causam
1107 1531 1140 1592 et
1152 1532 1299 1592 naturam
1313 1548 1424 1592 earum
1436 1548 1551 1603 rerum,

433 1649 467 1713 in
490 1650 607 1733 quibus
624 1654 820 1734 occupentur
844 1651 981 1726 intueri;
1005 1651 1130 1716 dicendi
1153 1654 1260 1715 autem
1284 1648 1475 1714 facultatem
1498 1670 1552 1712 ne·

432 1795 594 1857 quaquam
617 1773 872 1859 aequibonique
896 1774 1036 1840 studium
1060 1797 1137 1852 esse,
1154 1773 1209 1838 sed
1231 1773 1402 1859 »peritiam
1427 1773 1551 1858 gratiae

431 1900 464 1960 et
485 1897 675 1982 voluptatis;
692 1897 717 1985 ²)
741 1898 890 1982 peritiam
913 1893 1019 1965 autem
1036 1899 1160 1986 gratiae
1180 1902 1213 1962 et
1232 1897 1410 1980 voluptatis
1431 1890 1551 1978 ἀλόγως

430 2024 560 2087 omnino
568 2025 737 2107 procedere
746 2029 860 2112 »τριβῇ
870 2027 924 2088 καὶ
933 2022 1100 2110 ἐμπειρίᾳ,
1111 2020 1243 2109 μνήμην
1251 2022 1354 2106 μόνον
1366 2023 1549 2109 σῳζομένην

429 2152 489 2211 τοῦ
512 2145 667 2221 εἰωθότος
690 2147 891 2231 γίγνεσθαι”.
916 2146 1037 2212 Contra
1056 2169 1126 2212 eam
1148 2148 1250 2214 solam
1274 2147 1464 2213 facultatem
1482 2169 1548 2213 esse

430 2273 552 2348 artem,
575 2293 674 2355 qnae:
696 2272 814 2337 τούτου
839 2255 878 2334 οὗ
901 2270 1088 2356 θεραπεύει
1109 2274 1164 2337 καὶ
1185 2268 1245 2360 τὴν
1268 2274 1367 2358 φύσιν
1389 2270 1547 2338 ἔσκεπται

428 2397 483 2460 καὶ
508 2390 568 2484 τὴν
595 2396 702 2463 αἰτίαν
726 2381 769 2461 ὧν
792 2395 942 2478 πράττει,
972 2396 1027 2459 καὶ
1050 2393 1147 2478 λόγον
1170 2395 1237 2479 ἔχει
1258 2395 1383 2462 τούτων
1408 2393 1545 2460 ἑκάστου

430 2522 552 2584 δοῦναι.
568 2519 595 2606 ³)
619 2520 792 2585 Contendit
811 2519 912 2605 igitur
939 2517 1085 2583 Socrates
1100 2541 1171 2584 eam
1193 2542 1259 2585 esse
1276 2519 1435 2585 rationem
1458 2517 1547 2594 artis,

428 2647 465 2707 ut
493 2643 606 2708 intime
634 2649 752 2709 natura
776 2665 883 2708 rernm
906 2664 1085 2727 causaeque
1112 2649 1360 2730 cognoscantur:
1397 2663 1498 2726 quare
1520 2638 1547 2704 si

428 2766 471 2831 sit
495 2766 667 2852 aliquando
696 2767 806 2852 aliqua
829 2766 953 2831 dicendi
980 2766 1132 2846 facultas,
1161 2790 1243 2852 quae
1273 2767 1448 2851 prudenter
1472 2763 1548 2828 boni

429 2893 462 2954 et
485 2889 611 2956 honesti
634 2891 678 2956 sit
695 2891 838 2956 studiosa
862 2927 902 2938 —
929 2887 1144 2978 προμήθεια-ν
1166 2885 1227 2957 τιν’
1250 2889 1369 2972 ἔχουσα
1392 2895 1452 2954 τοῦ
1474 2889 1548 2972 dsi-

428 3021 538 3081 τίστοο
563 3018 641 3103 περὶ
663 3011 720 3104 τὴν
746 3014 865 3106 ψυχήν,
880 3037 1078 3100 —quaeque
1093 3016 1126 3082 id
1145 3020 1222 3101 agat
1245 3010 1334 3088 ὅπως
1357 3013 1390 3078 οἱ
1412 3013 1549 3078 πολῖται

430 3132 470 3213 οἷς
488 3142 648 3224 βέλτιστοι
667 3140 796 3207 ἔσονται
819 3135 871 3206 διὰ
883 3143 960 3208 τούς
983 3134 1090 3205 αὐτῶν
1114 3141 1239 3222 λογοοςε
1264 3138 1339 3203 huic
1352 3137 1484 3221 quidem
1495 3157 1549 3199 ar-

430 3265 473 3329 tis
490 3287 605 3329 nomen
621 3266 715 3330 facile
727 3287 759 3329 se
770 3264 894 3351 largiri.
910 3262 936 3350 ³)
955 3264 1103 3349 Apparet
1126 3286 1223 3347 quam
1235 3266 1372 3348 cognata
1386 3261 1454 3325 sint
1470 3259 1550 3324 haec

430 3410 502 3452 cum
525 3390 675 3473 opinione
707 3389 848 3468 Quintii,
877 3389 932 3472 qui
964 3393 1059 3472 putat
1088 3387 1304 3471 eloquentiam
1328 3385 1381 3448 >in
1407 3384 1550 3467 quodam

429 3512 552 3598 ingenii
573 3515 670 3595 atque
693 3513 930 3577 exercitationis
958 3535 1074 3598 genere
1098 3511 1277 3596 ponendam
1300 3508 1401 3574 esse”.
1438 3507 1550 3590 Atque

428 3637 632 3700 manifestum
658 3637 754 3701 etiam
777 3641 836 3713 est,
860 3635 942 3701 unde
964 3637 1107 3702 derivata
1130 3636 1173 3700 sit
1196 3632 1368 3710 sententia,
1383 3655 1468 3716 quae
1488 3631 1550 3695 tri-

429 3759 539 3823 buitur
562 3758 758 3824 Charmadae
780 3760 828 3825 illi
851 3799 894 3808 —-
918 3763 1036 3844 quippe
1060 3761 1230 3845 diligenter
1255 3780 1330 3824 cnm
1358 3755 1549 3822 Crassode·

425 3883 475 3970 git
499 3883 662 3970 Gorgiam.
688 3882 808 3967 »Saepe
821 3885 918 3948 etiam
935 3885 969 3948 in
989 3907 1058 3948 eam
1070 3888 1195 3969 partem
1207 3883 1369 3948 ferebatur
1381 3883 1546 3959 oratione,

463 4134 489 4197 1)
508 4133 539 4186 Ρ.
558 4136 610 4186 4ὃῖ
629 4129 658 4186 Β.
677 4161 712 4169 -··
731 4133 760 4185 Ρ.
779 4137 831 4186 465
850 4135 882 4186 Α.
926 4172 929 4177 -

462 4226 490 4288 2)
509 4221 552 4276 Sic
561 4225 633 4276 enim
642 4222 806 4284 Quintiliano
816 4224 832 4276 l.
844 4224 875 4276 u.
888 4224 930 4276 ta.
939 4221 954 4290 ἓ
962 4225 1005 4276 at.
1016 4221 1110 4276 Latine
1120 4223 1230 4276 reddere
1240 4223 1349 4291 placuit,
1359 4223 1433 4291 quod
1443 4221 1551 4277 Graece

426 4318 484 4366 eret
501 4313 629 4380 scriptum
649 4314 710 4374 (46⁸2
728 4310 770 4376 (1.)
788 4309 914 4386 ἐμπειρία
932 4307 1041 4386 χάριτος
1060 4313 1106 4365 καί
1126 4306 1225 4380 ridearis
1242 4303 1421 4384 ἀπεργασίας.-

461 4399 1137 4470 mumma—mmuamm·
