3404 5198
948 580 991 652 48

412 797 558 862 »nullum
582 820 650 864 esse
674 820 775 884 genus
799 820 916 878 rerum,
940 799 1025 882 quod
1048 803 1105 865 aut
1128 800 1274 865 avulsum
1295 821 1314 866 a
1333 801 1448 866 ceteris
1471 823 1533 886 per

412 943 445 986 se
468 921 573 1005 ipsum
597 926 758 1001 constare,
782 926 839 988 aut
861 945 924 1008 quo
947 927 1053 989 cetera
1075 923 1102 989 si
1126 927 1255 988 careant
1279 923 1342 989 vim
1365 947 1456 990 suam
1479 930 1533 991 at-

413 1037 475 1130 que
492 1046 716 1111 aeternitatem
729 1067 915 1111 conservare
927 1047 1082 1131 possint.’'
1099 1085 1135 1096 --
1153 1047 1273 1112 Probat
1284 1047 1386 1133 igitur
1401 1053 1534 1114 senten-

417 1170 496 1234 tiam
512 1151 717 1253 antiquorum
732 1169 861 1234 »omnia
877 1169 955 1235 haec
974 1192 1055 1253 quae
1067 1193 1165 1255 supra
1181 1175 1213 1235 et
1231 1171 1342 1235 subter
1354 1172 1419 1236 sint
1430 1194 1533 1237 uuum

414 1315 483 1357 0000
508 1297 617 1358 etune
633 1293 665 1356 vi
679 1296 777 1378 atque
789 1314 853 1358 una
864 1293 1073 1359 consensione
1082 1294 1255 1360 constricta
1267 1295 1367 1359 esse.”
1381 1335 1422 1344 -
1448 1296 1535 1360 »Sed

414 1417 441 1481 si
467 1414 546 1480 haec
570 1417 672 1500 maj0r
695 1437 763 1480 esse
785 1415 869 1480 ratio
891 1416 1027 1493 videtur,
1050 1417 1166 1501 inquit,
1191 1440 1288 1503 quam
1312 1423 1348 1483 ut
1364 1419 1534 1484 hominum

397 1541 516 1631 ¹possit
549 1562 642 1604 sensu
674 1544 732 1604 aut
758 1539 954 1625 cogitatione
981 1542 1228 1626 comprehendi,
1263 1549 1312 1607 est
1346 1543 1444 1608 etiam
1474 1544 1536 1609 1110

418 1664 561 1730 Platonis
588 1685 661 1729 vera
685 1668 717 1728 et
740 1662 811 1740 tibi,
835 1661 959 1742 Catule,
972 1671 1058 1730 certe
1078 1688 1141 1730 non
1158 1666 1302 1732 inaudita
1321 1690 1392 1744 vox,
1405 1690 1535 1733 omnem

414 1787 595 1853 doctrinam
630 1787 744 1852 harum
780 1787 991 1873 ingenuarum
1022 1794 1055 1854 et
1083 1789 1294 1856 humanarum
1317 1792 1435 1857 artium
1468 1813 1536 1857 uno

415 1912 553 1995 quodam
579 1911 740 1977 societatis
764 1909 892 1976 vinculo
916 1912 1082 1978 contineri.
1117 1914 1178 1980 Sed
1201 1917 1228 1980 11
1251 1915 1312 1982 hoc
1334 1937 1461 2001 quoque
1485 1915 1536 1980 vi-

414 2036 509 2100 detur
533 2034 638 2114 altius,
663 2057 759 2119 quam
783 2039 821 2098 ut
843 2034 876 2098 id
897 2057 956 2100 nos
972 2033 1062 2101 humi
1077 2039 1171 2102 strati
1186 2039 1344 2123 suspicere
1363 2041 1534 2125 possimus,

416 2158 497 2225 illud
512 2161 598 2222 certe
610 2161 728 2235 tamen,
741 2159 826 2240 quod
838 2158 975 2243 amplexi
988 2181 1107 2240 sumus,
1127 2162 1214 2245 quod
1226 2164 1426 2247 profitemur,
1445 2164 1533 2248 quod

417 2281 623 2365 suscepimus,
635 2303 727 2346 nosse
740 2287 773 2347 et
783 2285 891 2347 tenere
904 2283 1063 2349 debemus.
1076 2284 1150 2350 Una
1162 2290 1211 2350 est
1223 2287 1317 2364 enim,
1331 2286 1415 2372 quod
1428 2289 1460 2350 et
1471 2307 1536 2371 ego

419 2405 570 2470 hesterna
602 2405 654 2468 die
689 2405 754 2469 1111
780 2409 820 2469 -et
847 2404 972 2490 aliquot
998 2408 1075 2473 locis
1106 2409 1356 2475 antemeridiano
1390 2431 1538 2474 sermone

420 2528 615 2615 significavit
638 2528 809 2606 Antonius,
829 2529 1022 2613 eloquentia,
1046 2555 1263 2618 quascumque
1286 2535 1319 2599 in
1343 2534 1540 2618 orasdispu-

424 2652 555 2718 tationis
567 2651 753 2737 regionesve
762 2651 954 2721 delataest.’'
969 2693 1007 2702 -
1022 2655 1111 2720 Licet
1123 2657 1224 2743 igitur
1234 2659 1402 2724 0000001111
1415 2657 1539 2722 cunctis

417 2775 552 2842 oratoris
568 2776 754 2840 muneribus
775 2776 853 2842 rivis
876 2798 944 2842 esse
967 2778 1132 2844 deductam
1156 2780 1351 2860 orationem,
1373 2803 1438 2847 11011
1462 2780 1537 2844 1011-

418 2899 527 2978 tibus,
552 2903 586 2964 et
618 2921 818 2985 quocumque
859 2900 1079 2998 ingrediatur,
1104 2903 1212 2970 eodem
1246 2927 1313 2970 esse
1343 2897 1537 2970 instructam

420 3027 570 3100 ornatu,
615 3023 791 3108 profitetur
844 3028 952 3090 tamen
1000 3045 1034 3088 se
1085 3047 1149 3089 non
1194 3028 1267 3112 plus
1312 3031 1535 3113 suscepturum

419 3170 486 3212 0000
518 3170 614 3232 quam
638 3148 700 3212 sibi
730 3148 923 3232 imponatur.
948 3145 1041 3212 Prius
1076 3153 1184 3215 tamen
1211 3173 1308 3235 quam
1336 3175 1374 3218 ea
1402 3151 1537 3236 attingit

417 3271 533 3356 quibus
571 3271 750 3336 orationem
793 3272 901 3336 ornari
939 3277 1036 3356 atque
1071 3272 1246 3340 illuminari
1281 3281 1390 3362 putet,
1422 3279 1455 3339 et
1496 3297 1536 3339 01

418 3397 654 3480 comparatione
685 3417 757 3460 cum
783 3396 879 3460 variis
902 3395 1104 3482 singulorum
1127 3419 1277 3464 sensuum
1314 3399 1536 3483 voluptatibus

418 3524 514 3604 atque
556 3519 697 3605 fingendi
731 3519 946 3604 pingendique
981 3521 1126 3599 artibus,
1161 3525 1193 3585 et
1232 3521 1423 3587 Graecorum
1469 3521 1537 3588 110-

419 3665 650 3728 manorumque
675 3647 839 3708 oratorum
864 3643 999 3709 virtutes
1022 3645 1164 3728 dispares
1187 3645 1315 3732 egregie
1331 3646 1535 3726 illustrando,
1613 3676 1617 3682 ·

419 3766 500 3831 illud
523 3767 660 3832 statuit:
693 3767 725 3831 in
750 3789 815 3831 una
837 3767 1021 3851 eloquentia
1043 3771 1142 3851 atque
1170 3791 1208 3833 01
1237 3790 1302 3833 una
1331 3769 1537 3836 institutione

418 3911 487 3955 0000
511 3889 635 3954 dicendi
657 3910 776 3974 genera
798 3890 909 3968 varia,
932 3893 986 3957 sed
1009 3893 1079 3977 pari
1102 3893 1300 3958 excellentia.

465 4015 623 4091 Quorsum
647 4013 726 4079 haec
749 4015 880 4079 omnia?
903 4014 1063 4082 Nimirum
1076 4022 1113 4082 ut
1125 4017 1222 4082 etiam
1238 4017 1299 4082 hoc
1311 4020 1403 4084 modo
1420 4024 1453 4084 et
1469 4020 1537 4086 elo-

419 4141 569 4225 quentiae
592 4139 847 4226 magnitudinem
871 4143 903 4204 et
914 4162 1005 4206 suam
1023 4142 1186 4207 doctrinae
1203 4141 1327 4224 copiam
1344 4144 1537 4215 ostenderet.

418 4263 491 4351 Ipse
503 4271 610 4331 tamen
620 4265 761 4330 modeste
771 4263 880 4329 »Haec
889 4286 926 4329 00
937 4263 1014 4328 1111111
1022 4263 1232 4348 praedicenda
1239 4264 1379 4346 fuerunt,
1392 4272 1428 4333 ut
1436 4267 1463 4334 si
1471 4291 1539 4334 non

419 4391 535 4472 omnia,
549 4413 630 4479 quae
638 4393 919 4476 proponerentura
930 4410 991 4468 me,
1003 4389 1044 4456 ad
1052 4411 1145 4458 0111110
1153 4395 1295 4472 vestrum
1303 4393 1443 4460 studium
1451 4397 1485 4460 et
1497 4395 1541 4463 ad
