3404 5198
988 583 1152 680 ao¹

495 807 590 872 Anno
608 807 719 893 igitur·
735 807 775 870 55
796 804 940 871 Ciceroni
960 793 1150 890 gratissima
1165 823 1262 867 causa
1284 803 1364 879 erat,
1392 822 1448 865 cur
1472 820 1570 884 saepe

450 933 568 1016 diuque
603 932 641 995 de
664 930 825 995 rhetorica
854 928 1059 993 institutione
1090 927 1259 1014 cogitaret.
1295 925 1382 991 illud
1411 924 1496 990 enim
1527 945 1569 989 ex

449 1056 519 1138 ejus
542 1053 684 1138 epistolis
707 1053 791 1118 clarc
815 1052 932 1117 elucet:
956 1051 1081 1117 nullum
1105 1073 1257 1134 umquam
1273 1053 1398 1135 patrem
1420 1050 1459 1113 de
1481 1047 1567 1113 filio·

448 1201 520 1243 rum
549 1178 734 1242 educatione
762 1175 921 1241 litteraria
951 1175 1054 1262 magis
1080 1175 1177 1240 fuisse
1207 1172 1390 1239 sollicitum.
1426 1173 1566 1239 Vixdum

448 1305 573 1366 sextum
595 1302 710 1366 aetatis
734 1323 853 1365 annum
878 1299 1005 1364 Marcus
1028 1299 1114 1364 filius
1138 1297 1339 1383 expleverat,
1363 1319 1434 1362 oum
1454 1297 1523 1382 jam
1546 1317 1565 1360 a

446 1431 539 1509 patre
563 1425 682 1490 Graece
706 1424 865 1500 discebat;
888 1425 980 1507 cujus
999 1423 1045 1489 rei
1061 1425 1176 1488 afferre
1190 1422 1282 1488 lubet
1301 1423 1363 1487 duo
1380 1420 1565 1487 testimonia

446 1549 657 1633 lepidissima:
689 1549 783 1614 binae
807 1548 890 1613 enim
914 1547 1043 1614 litterae
1066 1548 1106 1612 ad
1131 1547 1277 1620 Atticum
1300 1547 1457 1631 scriptae,
1482 1567 1564 1629 quae

448 1677 525 1738 sunt
565 1674 641 1738 anni
685 1674 750 1752 59,
792 1671 871 1737 baec
904 1692 1007 1754 pauca
1045 1693 1159 1758 graece
1193 1669 1356 1756 adscripta
1389 1669 1563 1736 exhibente

447 1803 592 1883 Κικέρων
634 1789 651 1860 ὖ
684 1801 804 1883 ’μικρὸς
842 1791 1024 1872 ἀσπάζεται
1068 1804 1168 1864 Τίτον
1208 1791 1398 1886 Ἀθηναῖον.
1441 1793 1469 1884 ¹)
1507 1797 1563 1861 καὶ

447 1928 591 2006 Κικέρων
606 1913 631 1985 ὁ
655 1921 833 2006 φιλόσοφος
856 1914 913 1986 τὸν
937 1922 1106 1987 πολιτικὸν
1130 1927 1230 1988 Τίτον
1254 1915 1435 1996 ἀσπάζεται
1449 1919 1475 2006 2)
1498 1918 1564 1984 Fa-

444 2044 505 2110 cile
546 2045 684 2109 sentitur
718 2044 836 2109 blanda
871 2066 907 2108 ea
937 2045 1034 2111 verba
1056 2045 1174 2132 puerili
1205 2068 1303 2139 manu
1333 2068 1401 2112 esse
1434 2044 1563 2123 addita,
1680 2077 1681 2106 t

444 2175 536 2254 patre
559 2175 617 2234 aut
640 2170 781 2234 dictante
804 2174 861 2234 aut
884 2172 968 2236 forte
992 2171 1089 2236 etiam
1112 2193 1242 2236 manum
1272 2174 1415 2257 regente.
1451 2167 1564 2255 Neque

444 2294 491 2358 ita
516 2293 617 2358 multo
641 2297 716 2377 post
739 2294 841 2359 ambo
859 2296 950 2379 pueri
972 2295 1005 2359 in
1025 2295 1241 2378 Tyrannionis
1251 2293 1454 2380 grammatici
1470 2292 1564 2360 disai-

444 2416 567 2501 plinam
591 2423 666 2482 sunt
686 2419 816 2482 traditi:
843 2420 954 2484 scribit
986 2420 1072 2484 enim
1105 2421 1137 2485 in
1172 2419 1309 2505 epistola
1342 2419 1383 2483 ad
1409 2418 1562 2494 Quintum

443 2544 577 2607 fratrem
593 2565 678 2608 anno
692 2545 745 2608 56.
765 2544 925 2620 »Quintus
938 2547 1012 2609 tuus
1024 2566 1103 2629 puer
1115 2545 1256 2630 optimus
1267 2544 1411 2610 eruditur
1423 2544 1561 2631 egregie,
1679 2581 1680 2598 ,

442 2665 512 2730 Hoc
536 2688 620 2730 nune
644 2668 747 2753 magis
771 2667 903 2732 adverto
926 2668 1012 2751 quod
1027 2668 1198 2753 ¹'I'yrannio
1223 2669 1309 2753 apud
1327 2691 1377 2734 me
1396 2666 1521 2733 docet.”
1535 2665 1561 2753 ,3)

443 2803 448 2810 ’
486 2790 595 2873 Atque
619 2776 818 2876 compertum
846 2796 910 2868 est,
933 2791 982 2855 sin
1013 2790 1119 2855 minus
1143 2791 1415 2876 utrique,'saltem
1441 2791 1560 2869 Quinto

442 2934 562 2977 annum
587 2914 679 2978 illum
704 2916 745 2978 55
768 2915 917 2979 ultimum
930 2915 1028 2980 fuisse
1040 2917 1125 3000 apud
1136 2918 1395 3002 grammaticum
1424 2916 1559 2982 Derbe-

441 3038 511 3100 tore
532 3037 631 3122 igitur
643 3038 790 3123 eligendo
802 3038 947 3105 Ciceroni
961 3062 1035 3104 cura
1048 3061 1116 3104 esse
1127 3040 1247 3120 debuit,
1261 3081 1303 3096 -ν
1320 3045 1353 3106 et
1369 3064 1446 3106 sane
1463 3041 1559 3128 elegit

440 3160 626 3256 Paeonium.
661 3161 700 3226 In
732 3163 845 3227 iisdem
883 3164 967 3228 enim
1006 3164 1197 3231 domesticae
1240 3167 1324 3232 vitae
1360 3169 1556 3244 commenta·
1678 3157 1679 3162 ἵ

440 3284 518 3363 riis,
554 3285 708 3368 quisunt
741 3287 817 3350 anni
847 3287 1005 3371 proximi,
1039 3287 1118 3353 haec
1148 3289 1285 3376 legimus
1321 3289 1454 3356 »Cicero
1482 3294 1556 3355 tuus

439 3412 611 3493 nosterque
634 3409 770 3493 (desolo
789 3411 1106 3499 Quintosermoest)
1130 3435 1254 3479 summo
1277 3415 1382 3480 studio
1405 3420 1454 3481 est
1476 3415 1555 3482 Pae-

440 3531 505 3596 onii
525 3531 574 3596 sui
591 3532 740 3610 rhetoris,
759 3533 897 3599 hominis
922 3535 1013 3601 valde
1038 3537 1204 3602 exercitati
1227 3539 1379 3605 etboni.’'
1394 3540 1421 3628 ⁴)
1444 3541 1555 3626 Neque

439 3659 546 3719 tamen
568 3656 595 3719 is
613 3660 683 3720 erat
703 3656 869 3738 Paeonius,
888 3661 922 3724 in
945 3661 1035 3745 cujus
1058 3661 1262 3729 institutione
1284 3667 1367 3731 nihil
1390 3672 1447 3732 aut
1470 3689 1555 3734 com*

437 3776 589 3861 plendnm
618 3783 675 3843 aut
698 3782 921 3868 corrigendum
953 3784 1078 3850 Tullius
1103 3792 1263 3853 censeret:
1291 3791 1379 3856 addit
1406 3793 1492 3858 enim
1523 3793 1555 3857 in
1677 3829 1678 3836 κ

438 3902 546 3966 eadem
570 3904 705 3987 epistola
729 3906 810 3971 haec
834 3908 940 3985 verba,
964 3949 1007 3958 -
1032 3932 1115 3995 quae
1136 3933 1289 3998 magnam
1305 3917 1448 4001 parentis
1467 3917 1555 3984 solli-

471 4151 498 4220 1)
520 4152 563 4207 Ad
582 4154 636 4208 Att.
653 4152 685 4210 11.
704 4158 729 4211 9.

471 4239 499 4307 2)
520 4240 587 4294 Ibid.
606 4258 649 4310 ep.
668 4247 710 4298 tt.

469 4327 497 4397 3)
519 4330 563 4383 Ad
581 4329 612 4394 Q.
632 4333 663 4386 fr.
683 4335 701 4387 1.
720 4332 786 4389 114.
806 4338 831 4390 2.
850 4365 885 4373 -
903 4336 951 4391 cfr.
970 4353 1012 4406 ep.
1031 4341 1075 4394 14.

471 4418 499 4485 4)
516 4417 583 4473 Ibid.
601 4420 620 4474 1.
640 4418 684 4475 111.
703 4423 727 4476 3.
