3404 5198
933 539 977 607 26

396 750 499 835 primo
524 754 588 817 fuit
610 752 727 832 Catuli,
749 754 886 834 Luculli,
911 755 1087 835 Hortensii,
1104 756 1144 821 ad
1160 753 1339 820 Varronem
1356 752 1428 818 dein
1441 755 1515 816 tcta

396 881 445 940 est
466 878 613 942 traducta
634 877 678 964 ¹):
710 882 742 943 et
765 881 840 964 quia
874 880 1079 946 vehementer
1111 880 1165 945 hic
1199 880 1348 963 cupiebat
1379 879 1412 942 in
1443 879 1512 942 dia·

396 1000 487 1086 logos
510 1001 672 1067 Ciceronis
695 1003 825 1082 includi,
850 1012 883 1069 et
905 1006 990 1088 quod
1011 1028 1047 1069 ea
1071 1026 1154 1089 quae
1184 1005 1363 1090 agebantur
1389 1004 1423 1067 in
1439 1024 1513 1086 per·

396 1146 490 1190 sonas
523 1125 596 1191 illas
618 1128 739 1211 priores
765 1150 831 1192 non
854 1129 1027 1193 cadebant:
1057 1133 1171 1194 »erant
1200 1128 1285 1193 enim
1315 1125 1511 1211 torinoirspn

396 1271 494 1333 quam
517 1255 553 1316 ut
576 1251 624 1316 illi
647 1253 686 1316 de
708 1251 772 1316 illis
796 1254 970 1318 somniasse
995 1275 1143 1336 umquam
1168 1253 1363 1317 viderentur.
1384 1251 1411 1335 2)

441 1373 554 1458 Neque
578 1376 681 1440 absre
704 1377 832 1440 videtur
855 1377 916 1441 hoc
939 1376 1058 1441 locoea
1077 1377 1201 1452 addere,
1221 1375 1351 1459 quaein
1377 1374 1513 1460 epistola

396 1498 524 1583 scripsit
543 1500 582 1563 ad
595 1499 784 1578 Varronem,
797 1523 868 1564 cum
881 1501 929 1564 illi
941 1499 1132 1566 Academica
1144 1523 1201 1566 sua
1215 1499 1378 1564 mittebat:
1405 1498 1512 1574 chci¹

395 1622 510 1706 inquit,
526 1645 702 1688 sermonem
715 1625 799 1689 inter
812 1647 869 1689 nos
886 1624 1034 1689 habitum
1052 1626 1084 1689 in
1097 1624 1240 1690 Cumano
1258 1647 1330 1689 cum
1343 1629 1427 1688 essct
1448 1645 1513 1688 una

396 1747 601 1830 Pomponius.
624 1747 698 1811 Tibi
720 1747 791 1812 dedi
814 1753 920 1831 partes
942 1746 1163 1823 Antiochinas,
1188 1769 1268 1832 quas
1292 1751 1362 1812 ate
1383 1747 1512 1830 probari

396 1869 590 1935 intellexisse
614 1871 694 1935 mihi
718 1871 861 1949 videbar,
886 1871 965 1935 mihi
992 1872 1112 1956 sumpsi
1142 1869 1296 1935 Philonis.
1330 1870 1413 1935 Puto
1444 1872 1513 1935 fore

396 2000 442 2071 ut,
467 2016 537 2058 curn
563 1995 690 2080 legeris,
714 1996 827 2060 mirere
850 2017 908 2060 nos
930 1996 963 2059 id
986 1996 1110 2061 locutos
1134 2014 1201 2060 esse
1221 1996 1307 2059 inter
1334 2015 1403 2069 nos,
1427 1993 1513 2078 qnod

396 2139 569 2201 numquam
594 2117 694 2196 locuti
716 2139 842 2182 sumus:
875 2120 930 2183 sed
960 2119 1046 2184 nosti
1078 2141 1198 2184 morem
1229 2117 1462 2204 dialogorum'‘.
1484 2116 1513 2204 3)

398 2241 501 2308 lmmo
525 2263 600 2307 vero
622 2242 787 2318 novimus3
819 2247 851 2307 et
872 2244 955 2327 quod
979 2242 1107 2308 Platoni
1130 2265 1240 2308 omnes
1263 2241 1441 2307 concedunt
1463 2243 1514 2305 fa·

399 2366 459 2433 cilc
482 2367 579 2431 etiam
603 2365 748 2432 Ciceroni
771 2365 938 2452 largimur.

442 2491 492 2554 Ex
515 2489 579 2554 illis
601 2511 683 2574 quae
705 2489 872 2554 attulimus
890 2491 968 2554 satis
984 2493 1130 2575 apparet,
1143 2490 1326 2555 Ciceronem
1344 2494 1400 2554 aut
1416 2491 1513 2554 bene·

398 2613 571 2678 volentiam
595 2613 809 2700 singularem,
840 2618 898 2679 aut
927 2615 1092 2702 cognitum
1116 2637 1324 2699 personarum
1347 2613 1513 2700 ingenium

398 2744 562 2824 tamquam
587 2761 730 2804 normam
754 2738 937 2803 adhibuisse
960 2739 993 2803 in
1018 2737 1178 2824 elegendis
1201 2738 1262 2815 iis,
1287 2759 1367 2821 quos
1390 2737 1423 2801 in
1447 2737 1514 2800 suis

352 2907 353 2910 κ
398 2862 534 2948 dialogis
563 2863 762 2946 disputantes
784 2864 913 2928 faceret.
947 2861 1086 2927 Volebat
1113 2884 1274 2926 sermones
1302 2885 1377 2927 siros
1400 2862 1513 2926 haberi

398 2988 439 3052 ab
462 2988 512 3064 iis,
535 2988 601 3073 qui,
624 2988 651 3052 si
675 3011 728 3053 eos
751 3010 861 3072 reapse
885 3009 1059 3071 numquam
1082 2985 1282 3062 habuissent,
1303 2989 1412 3051 tamen
1432 2983 1514 3050 tales

398 3115 504 3176 essent
526 3117 563 3177 ut
585 3135 638 3177 eos
661 3113 778 3178 habere
801 3111 989 3196 potuissent.
1014 3111 1212 3194 Quamquam
1230 3132 1269 3174 ne
1282 3109 1365 3174 hanc
1384 3109 1514 3194 quidem

398 3235 465 3298 veri
492 3235 731 3300 similitudinem
760 3235 946 3322 diligentius
970 3234 1117 3317 persequi
1141 3233 1285 3298 solebat:
1313 3235 1369 3298 sed
1396 3234 1430 3298 in
1452 3233 1515 3298 hac

398 3379 525 3442 quoque
548 3381 591 3436 re,
613 3360 695 3424 siout
718 3361 749 3423 in
775 3360 884 3434 multis
900 3359 981 3435 aliis,
1000 3379 1093 3441 saepe
1105 3357 1251 3422 imitatus
1268 3361 1317 3422 est
1333 3357 1513 3434 Platonem,

399 3483 454 3567 qui
488 3505 570 3565 quac
604 3488 662 3548 aut
692 3484 932 3569 excogitaverat
953 3481 1021 3564 ipse
1052 3485 1109 3544 aut
1143 3504 1162 3544 a
1187 3480 1400 3566 Pythagoreis
1424 3501 1516 3545 acce·

398 3611 490 3691 perat
520 3607 553 3671 in
584 3607 748 3672 Socratem
776 3606 1005 3671 transferebat:
1038 3603 1192 3688 ›Itaque‚
1215 3609 1252 3669 ut
1275 3603 1323 3667 ait
1346 3602 1457 3667 Cicero
1480 3603 1516 3666 in

398 3730 445 3794 Re
469 3731 607 3815 publica,
631 3753 704 3796 cum
726 3730 886 3796 Socratem
908 3729 999 3793 unice
1023 3727 1187 3792 dilexisset
1206 3728 1298 3812 eique
1321 3727 1429 3792 omnia
1453 3728 1515 3791 tri·

400 3855 495 3920 buere
513 3855 677 3933 voluisset,
696 3853 1055 3939 leporemWSccr-aticum
1067 3851 1344 3934 subtilitatemque
1357 3849 1515 3916 sermonis

435 4193 463 4257 t)
480 4191 524 4244 Ad
540 4190 594 4244 Au.
613 4192 631 4246 l.
651 4190 720 4244 Xlll.
742 4192 783 4244 16.

435 4279 461 4344 2)
480 4279 547 4333 lbid.
565 4281 583 4333 l.
602 4279 671 4332 Xlll.
688 4281 730 4333 19.

434 4369 462 4432 3)
481 4368 523 4426 Ad
541 4368 604 4426 fam.
623 4367 669 4423 lx,
688 4370 712 4429 8,
