3404 5198
943 565 983 632 12

399 759 500 828 libros
522 782 595 826 suos
617 757 684 825 fere
707 780 834 837 omnes,
857 779 930 824 cum
952 759 990 825 de
1018 760 1159 828 oratoria
1187 758 1359 838 facultate,
1382 761 1452 824 tum
1478 755 1519 824 de

400 886 575 970 sapientiae
598 883 703 948 studio
718 884 876 961 edidisset,
900 906 963 949 non
987 886 1056 951 sine
1068 887 1158 970 justa
1172 884 1310 969 quadam
1322 883 1520 970 gloriatione

402 1008 582 1074 exantlatos
611 1007 737 1074 labores
764 1008 956 1091 respiciens:
993 1009 1186 1086 »Quaerenti
1209 1007 1289 1074 mihi
1316 1007 1522 1092 multumque

402 1136 434 1197 et
468 1133 522 1196 diu
555 1132 733 1219 cogitanti,
761 1154 900 1216 quanam
926 1155 960 1198 re
983 1155 1106 1218 possem
1133 1131 1289 1218 'prodesse
1323 1153 1420 1215 quam
1450 1130 1524 1216 plu-

402 1257 502 1340 rimis,
526 1278 565 1322 ne
582 1257 709 1341 quando
732 1256 979 1322 intermitterem
1002 1257 1168 1323 consulere
1190 1256 1411 1342 reipublicae,
1433 1255 1526 1321 nulla

402 1380 506 1463 major
529 1379 717 1444 occurrebat
737 1401 834 1464 qnam
858 1381 885 1446 si
908 1382 1103 1465 optimarum
1126 1381 1246 1446 artium
1271 1380 1341 1445 vias
1365 1379 1525 1445 traderem

402 1503 480 1567 meis
504 1503 644 1568 civibus:
670 1503 756 1587 quod
778 1502 995 1589 compluribus
1014 1505 1083 1589 jam
1105 1504 1196 1570 libris
1217 1527 1266 1570 me
1288 1505 1429 1570 arbitror
1439 1503 1525 1591 {con-

402 1628 580 1692 secutum.'’
611 1627 692 1692 Dein
717 1628 912 1692 enumeratis
942 1629 1008 1693 suis
1042 1629 1080 1694 de
1111 1628 1316 1714 philosophia
1346 1628 1453 1694 libris:
1481 1665 1523 1675 -

403 1751 587 1828 Hortensio,
599 1750 807 1829 Academicis,
820 1753 858 1816 de
870 1752 1012 1826 Finibus,
1028 1752 1307 1838 Disputationibus
1318 1749 1523 1828 Tusculanis,

403 1875 441 1938 de
460 1875 586 1940 Nature
605 1875 747 1953 deorum,
763 1875 801 1938 dc
813 1874 992 1952 Senectute,
1017 1875 1056 1940 de
1078 1875 1127 1940 Re
1146 1874 1324 1960 publica—
1339 1876 1385 1940 sic
1408 1874 1524 1940 seriem

403 1996 493 2062 illam
521 1998 702 2064 concludit:
739 1999 862 2063 »nostri
890 2021 1017 2084 quoque
1048 2000 1181 2065 oratorii
1214 1999 1290 2064 libri
1320 2000 1353 2064 in
1388 1999 1524 2065 eundem

404 2143 572 2186 numerum
590 2122 747 2187 referendi
763 2122 924 2189 videntur:
949 2125 996 2189 ita
1018 2129 1084 2189 tres
1096 2129 1190 2190 erunt
1213 2125 1251 2189 dc
1267 2123 1413 2202 Oratore,
1427 2145 1524 2208 quar-

405 2250 457 2310 tus
481 2246 618 2326 Brutus,
642 2247 776 2332 quintus
800 2246 949 2312 Orator.·”
964 2247 991 2334 ¹)

451 2370 511 2435 Hic
533 2370 595 2436 nisi
617 2371 726 2437 omnia
747 2393 798 2436 me
820 2371 941 2437 fallunt
962 2370 1116 2437 habemus
1136 2372 1223 2457 quod
1238 2371 1403 2449 volumus;
1421 2392 1525 2455 neque

405 2493 472 2559 ulla
508 2499 556 2561 est
585 2496 684 2574 ratio,
711 2518 768 2561 eur
795 2518 859 2561 non
891 2497 1055 2562 credamus
1079 2495 1225 2562 Ciceroni
1258 2495 1319 2581 ipsi
1355 2494 1523 2561 consilinm

405 2641 498 2684 suum
536 2625 647 2705 aperte
685 2620 901 2707 significanti:
930 2621 976 2687 Ut
1010 2620 1230 2707 reipublicae
1256 2621 1436 2686 consuleret
1467 2642 1525 2703 op·

404 2744 556 2808 timarum
581 2744 700 2810 artium
722 2744 790 2810 vias
817 2745 883 2811 suis
905 2746 1026 2812 civibus
1045 2747 1171 2812 tradere
1194 2768 1228 2812 se
1251 2744 1399 2812 voluisse.
1421 2743 1525 2808 »Mihi

405 2867 553 2952 quidem”
577 2907 618 2918 -
646 2869 692 2933 ait
727 2869 837 2934 eodem
870 2868 940 2935 loco
971 2909 1009 2920 -
1043 2869 1269 2954 »explicandae
1300 2866 1524 2955 philosophiae

405 3014 533 3057 oausam
555 2992 674 3058 adtulit
696 3015 789 3059 cesus
812 2995 919 3080 gravis
941 2994 1090 3073 civitatis,
1113 3016 1185 3058 cum
1202 2993 1236 3058 in
1259 2992 1356 3057 armis
1377 2991 1524 3057 civilibus

404 3139 463 3182 nee
486 3117 570 3182 tueri
592 3140 663 3183 meo
686 3140 850 3183 monerem
864 3118 1038 3203 publicani,
1062 3131 1119 3183 nec
1142 3118 1224 3182 nihil
1246 3139 1341 3204 agere
1364 3121 1523 3203 poteram,

403 3263 462 3306 nec
485 3241 562 3324 quid
591 3242 712 3326 potins,
740 3241 825 3326 quod
856 3241 985 3326 quidem
1018 3265 1068 3306 me
1098 3243 1230 3330 dignum
1263 3245 1365 3320 esset,
1394 3263 1523 3327 agerem

403 3363 632 3448 reperiebam.’'
656 3365 747 3430 Tunc
769 3365 854 3430 enim
884 3387 991 3430 secum
1022 3364 1186 3452 cogitabat
1215 3363 1317 3443 illud,
1347 3365 1432 3450 quod
1455 3368 1524 3430 tam

404 3488 533 3574 egregie
545 3510 618 3553 cum
632 3489 746 3554 ceteris
769 3490 838 3573 ejus
847 3462 950 3553 ¹<litatis
962 3487 1118 3572 factisque
1130 3488 1341 3554 consonabat:
1351 3530 1392 3538 --
1406 3489 1522 3566 »Quod

404 3611 488 3676 enim
519 3633 634 3675 munus
662 3612 707 3677 rei
740 3610 905 3696 publicae,
934 3611 1059 3696 inquit,
1089 3612 1213 3677 adferre
1237 3614 1340 3698 majus
1368 3613 1523 3679 meliusve

403 3757 588 3819 possumus,
612 3759 708 3820 quam
732 3736 758 3801 si
782 3737 930 3801 docemus
954 3739 1052 3820 atque
1075 3735 1237 3802 erudimus
1255 3737 1481 3822 juventutem''
1497 3741 1524 3824 ²)

403 3858 518 3943 Itaque
533 3859 597 3924 alio
610 3860 746 3944 quodam
759 3859 846 3925 loco:
866 3859 1048 3944 »pristinis,
1071 3860 1196 3944 inquit,
1212 3861 1316 3926 orbati
1335 3861 1523 3928 muneribus

405 3982 484 4048 haec
501 3983 607 4048 studia
627 4005 782 4049 renovare
811 3983 990 4067 coepimus,
1019 3988 1056 4048 ut
1079 3987 1112 4049 ct
1136 3983 1261 4049 animus
1285 3985 1438 4051 molestiis
1462 3987 1524 4051 hac

440 4307 467 4369 1)
487 4305 527 4361 De
545 4306 604 4361 Din.
623 4309 642 4360 l.
662 4306 694 4361 11.
715 4311 738 4362 4.

441 4396 470 4462 2)
487 4393 553 4453 ibid.
