3366 5206
655 593 698 662 8-3

129 815 156 879 οἱ
172 815 319 887 νικῶντες
334 805 391 886 τὰς
414 810 539 895 γνώμας
562 812 641 897 περὶ
663 809 788 875 τούτων
805 809 942 894 -quod
959 807 1111 894 exemplis
1131 813 1236 876 osten-

128 937 216 1002 debat
246 935 444 1002 domesticis:
472 927 572 1000 eirca
604 933 665 1022 γοίρ
694 933 822 1021 δήπου,
855 928 905 998 ὅτι
927 927 968 999 τοὶ
991 935 1110 1022 νεώρια
1132 939 1237 1000 ταῦτα

128 1064 176 1124 καὶ
199 1055 239 1125 τὰ
262 1067 354 1148 τείχη
376 1055 416 1124 τὰ
440 1053 625 1147 Ἀθηναίων
647 1060 702 1122 καὶ
724 1050 743 1144 ἦ
764 1062 827 1122 τῶν
847 1060 985 1141 λιμένων
1004 1054 1186 1148 κατασκευὴ
1204 1060 1240 1125 ἐκ

128 1191 177 1272 τῆς
197 1187 454 1268 Θεμιστοκλέους
471 1183 652 1268 συμβουλῆς
667 1187 786 1264 γέγονε,
807 1175 847 1246 τὰ
865 1176 894 1247 δ’
911 1180 1016 1269 ἕντῆς
1034 1187 1240 1271 Περικλέους,

130 1303 193 1374 ἀλλ’
211 1303 270 1373 οἶοι
286 1306 320 1373 ἐκ
337 1315 392 1396 τῆς
410 1312 474 1373 τῶν
485 1309 696 1395 δημιουργῶν.
712 1304 739 1391 ¹)
752 1303 897 1391 Itemque
908 1308 993 1391 apud
1004 1313 1153 1394 aegrotos
1168 1331 1253 1375 ores

131 1433 244 1497 tionem
267 1454 358 1496 suam
381 1431 484 1496 multo
496 1430 599 1514 magis
611 1427 727 1506 valere,
739 1428 796 1506 ait,
809 1451 906 1512 quarn
922 1430 1031 1495 fratris
1051 1432 1101 1496 sui
1117 1433 1239 1499 modici.
1347 1426 1349 1432 ’

171 1556 243 1621 Jam
269 1555 346 1639 quid
362 1555 547 1621 Scaevolam
564 1557 677 1618 contra
696 1551 852 1619 Crassus?
877 1552 1011 1637 »Neque
1023 1556 1049 1620 si
1062 1555 1242 1634 Philonem,

132 1680 250 1762 inquit,
287 1679 379 1743 illurn
411 1679 619 1754 architectum,
655 1676 709 1759 qui
744 1675 995 1743 Atheniensibus
1028 1685 1242 1744 armamenta-

133 1803 209 1867 rium
233 1803 331 1879 fecit,
354 1808 481 1868 constat
511 1801 685 1886 perdiserte
715 1798 833 1884 populo
869 1802 1025 1866 rationem
1056 1804 1160 1886 operis
1194 1805 1244 1870 sui

133 1927 307 2004 reddidisse,
331 1927 578 1990 existimandum
600 1928 648 1988 est
669 1922 838 1988 architecti
854 1926 961 2008 potius
984 1927 1121 1991 artificio
1143 1928 1244 1994 diser·

133 2056 196 2115 turn
220 2073 316 2135 quoru
341 2052 477 2115 oratoris
501 2051 607 2116 fuisse.
632 2050 709 2128 Nec,
733 2051 759 2114 si
783 2049 859 2114 huic
870 2049 915 2113 M.
931 2049 1074 2115 Antonio
1086 2073 1145 2135 pro
1161 2051 1258 2116 Her-¹

134 2174 257 2239 modoro
284 2174 397 2239 fuisset
419 2176 456 2238 de
485 2175 642 2240 navalium
665 2197 754 2259 opere
785 2172 970 2252 dicendum,
1000 2196 1076 2252 non,
1099 2192 1174 2240 'cum
1202 2177 1244 2241 ab

134 2298 187 2364 iilo
208 2321 335 2364 oausam
359 2298 530 2376 didicisset,
549 2298 617 2382 ipsc
641 2303 752 2363 ornate
774 2299 812 2362 de
831 2297 937 2363 alieno
949 2299 1085 2363 artificio
1101 2301 1245 2384 copiose·

133 2443 191 2505 que
220 2421 361 2486 dixisset.
396 2421 509 2506 Neque
539 2444 612 2486 vero
641 2422 863 2505 Asclepiades,
893 2422 921 2486 is
954 2444 1019 2505 quo
1043 2444 1101 2487 nos
1132 2426 1244 2490 medico

25 2565 26 2578 ³
134 2545 295 2628 amicoque
320 2545 367 2609 usi
390 2567 521 2624 surnus,
545 2547 578 2610 in
602 2568 638 2610 eo
664 2546 733 2629 ipso
756 2547 840 2630 quod
864 2550 977 2611 ornate
996 2547 1131 2625 dicebat,
1148 2548 1247 2615 medi·

25 2657 26 2736 }
135 2669 219 2734 cinae
244 2670 399 2735 facultate
430 2670 597 2749 utebatur,
622 2693 687 2734 non
710 2670 926 2754 eloquentia''.
962 2671 1083 2736 Eadem
1107 2693 1183 2758 ergo
1214 2678 1247 2738 ct

139 2793 270 2881 Gorgias
304 2798 336 2859 et
375 2793 507 2859 Crassus
541 2794 663 2858 oratori
685 2795 851 2859 tribuunt:
883 2795 1046 2860 videamus
1083 2796 1159 2881 quid
1188 2795 1249 2861 dif-

25 2927 26 2930 ’
139 2923 235 2983 erant.

180 3043 262 3108 Nam
285 3043 333 3108 ita
355 3043 484 3127 quidem
506 3041 645 3129 Gorgias
670 3036 730 3108 »ori
753 3042 814 3130 γάρ
835 3041 904 3108 ἔστι
926 3045 1005 3129 περὶ
1029 3041 1105 3111 ὅταν
1129 3039 1187 3110 oin
1209 3037 1251 3110 do

25 3167 26 3248 ξ
140 3168 366 3254 πιθανώτερον
404 3167 495 3233 εἴποι
536 3159 554 3231 ὃ
595 3161 761 3256 ῥητορικὸς
802 3161 821 3255 ἢ
863 3167 959 3241 ἄλλος
999 3161 1148 3236 ὁστισοῦν
1174 3175 1251 3236 ’τῶν

140 3294 337 3379 δημιουργῶν
359 3290 395 3358 ἐν
419 3293 554 3379 πλήθει,
577 3291 605 3377 ²)
635 3312 693 3355 nec
722 3290 824 3355 multo
850 3291 944 3356 aliter
967 3291 1100 3358 Crassus
1124 3293 1250 3359 »Multo

25 3461 26 3470 ι
140 3420 294 3482 oratorem
304 3433 306 3442 ⁴
317 3416 431 3482 melius
453 3438 550 3500 quam
562 3417 648 3500 ipsos
660 3415 743 3496 illos,
763 3439 900 3502 quorum
919 3439 974 3482 eae
991 3418 1056 3482 sint
1071 3421 1167 3496 artes,
1184 3440 1251 3482 esse

137 3540 326 3606 dicturum.’¹
350 3541 411 3607 Sed
435 3541 506 3606 ideo
530 3561 626 3605 causa
650 3541 734 3606 cadit
758 3545 790 3607 et
813 3563 888 3606 mox
910 3541 1144 3608 inconstantiae
1160 3563 1251 3606 coar·

25 3655 26 3662 ἵ
140 3665 245 3750 guitur
268 3666 429 3752 Gorgias,
458 3665 554 3749 quod,
577 3688 649 3730 curn
677 3670 727 3730 tot
750 3670 905 3750 tantaque
928 3666 1047 3730 oratori
1071 3667 1252 3750 sumpserit,

141 3810 242 3854 rerum
266 3790 432 3855 scientiam
455 3789 527 3854 dein
550 3791 591 3856 ab
616 3792 725 3856 codem
749 3791 844 3876 plane
866 3795 1046 3866 removeat;
1080 3791 1253 3855 assentitur

131 3914 223 3992 ¹enirn
245 3914 341 3998 piane
365 3913 490 3980 Socrati
512 3916 641 3980 dicenti.
674 3909 717 3982 ‘0
745 3909 803 3981 οὖν
834 3909 925 3988 εἰδώς
951 3914 1015 4001 ἄρα
1045 3920 1105 3978 τοῦ
1133 3913 1255 3990 εἰδότος

143 4035 176 4103 ἒν
198 4033 254 4103 οὐκ
273 4039 374 4104 εἰδόσι
392 4039 621 4126 πιθανώτερος
644 4036 808 4106 ἔσται...
828 4035 912 4106 αὐτὰ
932 4041 993 4125 μὲν
1011 4034 1051 4105 τοὶ
1076 4040 1254 4127 πράγματα

143 4219 298 4229 --—..—

177 4340 776 4411 onmnffis-munn

179 4433 206 4504 2)
224 4431 255 4490 P.
273 4435 326 4490 456
342 4429 372 4490 O.
391 4462 426 4472 -·
444 4433 484 4492 De
503 4431 548 4492 Or.
565 4433 586 4490 1.
605 4435 647 4494 65.
