3404 5198
714 591 734 661 9

168 809 258 890 ficia,
281 810 398 898 quibus
422 809 501 875 vivit
524 809 675 895 vivetque
704 831 761 895 per
792 809 934 876 omnium
962 810 1142 875 seculorum
1166 830 1287 875 memo·

170 937 263 1014 riam,
285 937 452 1002 sedetiam
476 934 517 999 ob
536 934 739 1018 prudentiam
759 932 966 1020 singularem,
978 933 1020 998 ob
1039 934 1192 1018 pietatem
1212 955 1289 1016 erga

171 1061 319 1145 patriam,
333 1062 427 1137 cives,
437 1060 570 1135 amicum
581 1058 621 1123 ob
632 1053 810 1134 lenitatem,
819 1057 1064 1136 humanitatem,
1076 1057 1289 1135 clementiam,

169 1185 286 1270 quibus
309 1185 482 1250 virtutibus
513 1182 689 1248 excellebat
718 1183 802 1247 inter
832 1203 942 1246 omnes
965 1181 1124 1265 aequales.
1164 1182 1288 1258 Quare,

170 1309 270 1374 donec
292 1309 473 1374 firmissime
496 1309 750 1373 demonstratum
774 1307 861 1384 erit,
892 1304 972 1369 falsa
1003 1327 1071 1368 esse
1095 1308 1190 1388 atque
1213 1327 1289 1369 oon-

170 1431 256 1508 liota,
279 1454 361 1516 quae
384 1432 422 1496 de
444 1430 605 1496 Ciceronis
629 1431 751 1495 meritis
775 1431 899 1514 antiqui
922 1429 1168 1514 praedicarunt:
1198 1429 1289 1514 equi·

170 1554 241 1620 dem
266 1556 423 1621 assentior
445 1554 596 1621 Juvenali
619 1555 814 1640 incorrupto
829 1553 879 1618 illi
896 1553 1046 1618 vitiorum
1071 1553 1290 1638 virtutumque

168 1679 284 1764 judici:

260 1803 326 1869 Hic
345 1826 446 1869 novus
469 1803 619 1888 Arpinas,
643 1804 795 1890 ignobilis
819 1808 852 1868 et
875 1805 968 1869 modo
992 1805 1113 1868 Itomae

261 1928 464 2012 Municipalis
487 1951 597 2013 eques,
622 1928 783 2014 galeatum
809 1930 900 2013 ponit
924 1929 1042 2013 ubique

261 2053 459 2118 Praesidium
481 2052 629 2117 attonitis
653 2055 686 2116 et
705 2053 738 2116 in
763 2053 850 2116 omni
873 2055 981 2116 monte
1004 2049 1149 2126 laborat;

263 2176 401 2240 'lantum
426 2175 527 2261 igitur
550 2197 658 2241 muros
681 2175 768 2239 intra
790 2179 867 2262 toga
890 2174 1028 2240 contulit
1049 2175 1098 2239 illi

263 2299 411 2366 Nominis
434 2321 471 2363 ac
494 2299 604 2377 tituli,
628 2302 785 2383 quantum
808 2299 880 2362 dein
904 2299 1062 2377 Leucade,
1088 2303 1246 2383 quantum

262 2420 447 2487 Thessaliae
470 2422 589 2506 campis
614 2421 766 2486 Octavius
789 2421 924 2486 abstulit
946 2422 1009 2486 udo

262 2545 418 2612 Caedibus
441 2545 575 2610 assiduis
593 2545 719 2632 gladio,
743 2544 798 2610 sed
821 2545 925 2611 Roma
948 2550 1112 2630 parentem

260 2669 363 2734 Roma
384 2672 507 2753 patrem
531 2669 654 2753 patriae
677 2667 861 2734 Ciceronem
884 2668 986 2734 libera
1008 2669 1100 2735 dixit.
1123 2674 1146 2756 ¹)

215 2794 327 2858 Fuerit
348 2793 450 2879 igitur
474 2792 585 2857 Cicero
607 2791 711 2857 laudis
734 2793 978 2876 cupidissimus:
1003 2793 1086 2858 hanc
1109 2795 1291 2878 cupidinem

170 2918 347 2983 virtutibus
370 2917 513 3000 beneque
536 2917 574 2981 de
597 2916 702 3000 patria
727 2916 847 2981 meritis
868 2917 996 3000 explere
1020 2921 1154 2983 conatus
1178 2924 1235 2983 est.

216 3039 338 3105 Verum
360 3039 400 3104 ad
412 3039 613 3123 propositum
635 3039 807 3103 redeamus.
829 3040 1062 3116 Quaerentibus
1074 3041 1175 3126 igitur
1189 3042 1295 3119 nobiS,

172 3163 298 3248 quade
329 3185 423 3227 causa
458 3163 671 3247 composuerit
698 3161 808 3228 Cicero
841 3162 916 3226 illos
939 3163 978 3227 de
1002 3163 1138 3230 Oratore
1172 3163 1294 3242 libros,

173 3289 331 3371 apparet,
355 3286 415 3351 hoc
445 3308 572 3370 quoque
607 3308 702 3369 opero
735 3285 829 3350 illum
852 3285 988 3371 gloriam
1019 3288 1146 3371 quidem
1169 3290 1295 3373 quaesi·

172 3411 268 3488 visse,
280 3411 334 3475 sed
342 3409 507 3475 serviendo
516 3432 646 3474 suorum
659 3409 776 3474 civium
785 3411 967 3476 commodis.
977 3412 1062 3476 Nam
1074 3412 1141 3476 sive
1150 3415 1296 3496 tempora

171 3534 421 3621 investigamus,
445 3534 510 3598 sive
534 3534 633 3618 ipsius
657 3533 818 3599 Ciceronis
842 3534 981 3600 indolem
1005 3559 1043 3601 ac
1063 3559 1167 3601 mores
1191 3537 1295 3602 eonsi-

172 3658 332 3735 deramus,
355 3656 421 3722 sive
445 3657 485 3721 ad
508 3658 679 3722 domestica
703 3658 853 3742 adjuncta
877 3659 1084 3748 respicimus3
1109 3661 1176 3725 sive
1200 3661 1296 3725 etiam

173 3781 336 3865 propriam
346 3781 502 3846 rationem
518 3780 632 3846 horum
655 3781 811 3846 librorum
828 3782 1047 3859 observamus;
1072 3784 1212 3868 undique
1231 3784 1297 3849 col·

173 3905 298 3991 ligitur,
317 3903 502 3970 Ciceronem
515 3903 576 3969 hoc
591 3906 651 3970 sibi
674 3908 887 3990 proposuisse,
901 3911 938 3971 ut
962 3907 1023 3971 hac
1045 3930 1103 3970 sua
1124 3908 1297 3991 scriptione

174 4027 294 4114 populo
324 4050 382 4093 suo
410 4028 612 4107 consuleret,
640 4052 777 4113 querna
807 4054 840 4095 se
865 4035 1028 4096 servatum
1060 4030 1147 4094 haud
1179 4031 1297 4114 injuria

176 4152 383 4239 gloriabatur.
409 4152 643 4236 Persequamur
666 4153 803 4240 singula.

217 4420 243 4488 1)
260 4416 313 4474 Sat.
333 4418 394 4477 VIII
413 4437 436 4474 r.
456 4422 509 4474 237
528 4437 584 4494 sqq.
