3366 5206
936 528 999 601 112

410 748 627 819 tribuendum.
659 745 816 814 Feliciore
845 747 948 835 igitur
977 770 1057 813 aero
1088 770 1160 814 oum
1188 750 1259 815 nati
1280 747 1380 815 sirum
1401 751 1434 814 et
1456 744 1543 814 ube'

410 878 495 942 riore
507 877 653 941 veritatis
666 874 787 938 lumine
797 871 989 949 collustrati,
1000 894 1137 957 aequum
1151 895 1214 938 non
1228 878 1278 938 est
1295 896 1354 938 nos
1367 874 1472 938 aerius
1483 874 1532 938 ri-

411 1004 560 1085 tuperare
588 1019 715 1082 errores
732 995 830 1073 illius,
854 1018 874 1059 a
900 999 1047 1078 quotam
1071 997 1174 1062 multu
1185 999 1317 1085 egregia
1342 998 1533 1082 aeeepimua.

411 1122 628 1206 Antiquorum
651 1121 844 1204 scriptorum
873 1119 1031 1205 gemmis,
1062 1119 1248 1186 Ciceronem
1283 1122 1469 1198 imitantes,
1500 1126 1534 1184 et

410 1248 534 1312 mentes
556 1249 684 1309 nostras
706 1265 861 1308 exornare
884 1247 917 1308 et
941 1241 1061 1308 liberos
1084 1248 1282 1329 ceterosque,
1305 1267 1442 1329 quorum
1458 1266 1534 1308 vera

411 1369 516 1456 gloria
539 1369 630 1433 nobis
664 1372 697 1432 et
719 1366 861 1453 dignitas
895 1388 969 1431 eura
991 1370 1063 1444 est,
1086 1366 1189 1432 ditare
1211 1369 1405 1433 studeamus.
1441 1366 1534 1431 Inter

413 1493 521 1557 omnia
554 1495 662 1556 autem
690 1491 797 1555 studia
824 1489 972 1554 liberalia
1006 1489 1230 1555 ›flexanimam
1261 1494 1360 1575 atque
1390 1491 1534 1555 omnium

413 1617 559 1702 reginam
577 1617 704 1680 rerum''
729 1635 853 1679 summo
876 1613 947 1678 loeo
959 1613 1143 1678 habeamus.
1168 1615 1252 1679 Nam
1270 1615 1329 1679 etsi
1351 1614 1536 1698 eloquentia

415 1740 505 1805 nullo
529 1760 594 1802 non
619 1743 763 1822 tempore
786 1741 843 1802 aut
865 1737 983 1802 artium
1007 1737 1189 1821 principatu
1212 1743 1269 1802 aut
1292 1737 1535 1822 tampraeelaro

412 1862 541 1927 nomine
556 1862 654 1926 fuerit
665 1861 775 1947 digna,
787 1860 957 1925 dummodo
968 1861 1125 1944 probitati
1144 1862 1259 1945 juncta
1278 1865 1361 1926 esset
1383 1881 1536 1946 magnae-

413 2008 475 2070 que
489 1984 688 2070 prudentiae,
712 1987 803 2048 tanto
827 1984 900 2067 plus
923 1983 985 2049 hao
1007 1988 1112 2048 aetate
1136 1984 1222 2049 valet
1244 1984 1285 2048 ad
1308 1984 1464 2050 docendos
1477 1985 1536 2048 ho-

413 2110 515 2174 miues
537 2108 616 2172 bene
640 2107 745 2172 vivere
769 2111 802 2172 et
813 2107 939 2172 beatam
967 2129 1081 2192 parare
1104 2110 1257 2185 mortem,
1281 2111 1403 2191 quanto
1432 2107 1536 2190 major

413 2233 575 2298 doetrinae
595 2233 687 2317 eopia
703 2254 767 2297 non
780 2233 994 2297 humanarum
1009 2231 1122 2309 solum,
1135 2231 1191 2296 sed
1210 2232 1390 2296 divinatum
1408 2253 1536 2315 quoque

414 2361 446 2422 et
480 2357 666 2423 coelestium
704 2379 811 2422 rerum
837 2357 905 2440 jam
940 2359 1069 2440 praesto
1100 2356 1149 2421 est
1183 2355 1383 2422 mortalibus.
1427 2355 1536 2420 Pauea

413 2479 497 2543 enim
532 2484 609 2545 sunt
638 2501 693 2558 ea,
722 2501 804 2564 quiae
836 2502 874 2544 ex
905 2480 1014 2544 »omni
1041 2479 1219 2563 sapientia''
1255 2479 1366 2546 Oieero
1401 2481 1533 2563 ejusque

413 2603 568 2687 aequales
585 2608 761 2687 potuerunt
783 2605 959 2691 attingere,
983 2603 1010 2667 si
1039 2604 1248 2668 conferuntur
1274 2625 1346 2668 eum
1369 2602 1537 2667 ditissimis

414 2725 481 2790 illis
508 2727 685 2810 sapientiae
708 2726 891 2805 thesauris,
915 2727 955 2792 ad
987 2748 1067 2811 quos
1101 2730 1134 2791 et
1158 2727 1300 2791 humana
1321 2725 1481 2792 industria
1504 2730 1539 2790 et

415 2847 534 2914 Divina
554 2849 692 2914 maxime
708 2849 840 2916 oracula
862 2851 1075 2934 posteriorum
1094 2854 1240 2915 aetatum
1263 2849 1447 2914 hominibus
1466 2842 1539 2932 jam

415 2971 539 3037 aditum
561 2976 770 3056 paraverunt.
