3366 5206
676 573 719 662 lt

143 793 285 872 lantiam.
315 794 377 870 Est
408 799 524 884 etiam,
556 803 611 875 ubi
635 771 768 874 (lrassns
792 805 843 871 vel
865 805 964 891 ipsius
988 797 1129 874 Socratis
1152 825 1256 876 mores

19 943 20 946 ’
142 929 173 998 iu
196 929 384 998 memoriam
406 933 544 998 revocet.
569 929 654 995 Nam
677 929 763 1014 qnod
786 928 902 995 dicitnr
925 928 1058 996 Crassus
1082 933 1115 998 in
1137 934 1257 1017 prinei-

142 1051 193 1136 pio
216 1053 306 1120 tertii
328 1053 403 1118 libri
428 1075 542 1118 »omne
565 1053 645 1120 illud
663 1058 788 1136 tempus
808 1053 1017 1120 meridianum
1034 1056 1067 1120 in
1087 1060 1258 1125 accerrima

19 1199 20 1212 ¹
143 1178 237 1258 atque
260 1177 474 1242 attentissima
497 1177 692 1262 cogitatione
714 1176 869 1260 posuisse,
893 1183 990 1264 atque
1013 1179 1045 1243 in
1069 1202 1107 1245 eo
1129 1181 1257 1249 silentio

19 1295 20 1380 J
144 1298 220 1366 duas
243 1297 340 1364 boras
362 1300 429 1364 fere
452 1322 519 1366 esse
544 1300 781 1384 consumptas'’,
793 1301 992 1368 simillimum
1013 1308 1061 1369 est
1072 1305 1153 1389 ejus,
1172 1308 1257 1391 quod

19 1483 20 1496 ,
142 1423 227 1507 apud
241 1421 425 1492 Potidaeam
438 1422 563 1488 Socrati
573 1425 746 1510 contigisse
758 1425 857 1490 refert
868 1425 1064 1508 Alcibiades:
1082 1431 1258 1520 συννοήσας

19 1615 20 1618 ¹
145 1538 205 1633 γὰρ
218 1539 458 1616 αι’ντόθιὲωθέν
480 1573 513 1613 τι
536 1547 675 1636 εἱστήκει
697 1555 840 1628 σκοπῶν,
860 1545 1001 1640 κάπειδή
1017 1548 1060 1624 ,σι’
1072 1549 1258 1643 προύχώρει

19 1765 20 1774 ρ
144 1663 241 1757 αὐτῷ,
264 1664 323 1736 οὒκ
345 1664 441 1750 ἀνίει,
464 1665 536 1738 ἀλλ’
557 1671 698 1759 εἱστήκει
720 1672 834 1760 ζητῶν.
857 1676 913 1740 καὶ
934 1661 1044 1764 ἤδηῆν
1061 1683 1258 1769 μεσημβρία,

144 1793 198 1857 καὶ
231 1791 409 1880 ἄνθρωποι
442 1789 650 1884 ᾐσθάνοντο,
683 1798 739 1862 καὶ
776 1798 1003 1883 θαυμάζοντες
1036 1801 1133 1876 ἄλλος
1170 1804 1258 1892 ἄλλη

19 1979 20 2010 η
147 1916 269 2003 ἔλεγον,
292 1914 343 1989 ὅτι
362 1920 533 2008 Σωκράτης
556 1914 592 1996 ἒξ
612 1920 754 1986 ἑωθινοῦ
777 1924 955 2009 φροντίζων
975 1948 1009 1989 τι
1031 1922 1155 2013 ἓστηιιε.
1178 1926 1204 2007 ¹)

187 2042 301 2126 Neque
335 2043 436 2110 latere
472 2045 541 2128 jam
576 2066 634 2110 nos
664 2050 789 2129 potest,
821 2068 949 2114 scenam
975 2048 1071 2132 primi
1104 2052 1260 2118 sermonis

19 2255 20 2260 ρ
145 2188 182 2231 ex
204 2165 351 2234 Platonis
375 2166 521 2234 Phaedro
540 2167 740 2255 desumptam
755 2191 834 2249 esse,
847 2209 888 2220 -
901 2171 1135 2239 conclusionem
1151 2180 1260 2242 numm

19 2307 20 2392 ,
145 2290 244 2356 totius
267 2291 394 2375 operis,
421 2312 504 2375 quae
526 2292 560 2359 in
583 2292 731 2360 laudibus
757 2294 922 2361 Hortensii
949 2301 1113 2376 versatur,
1139 2299 1261 2364 imitari

19 2403 21 2458 l
145 2413 284 2497 ejusdem
312 2413 451 2482 Phaedri
481 2414 629 2484 ultimam
659 2417 832 2504 paginam,
859 2419 992 2485 eandem
1020 2443 1117 2505 quam
1147 2428 1259 2508 postea

19 2523 20 2566 l
147 2536 255 2614 Cicero
266 2539 300 2606 in
323 2538 406 2606 libro
419 2538 577 2606 ›Orator''
590 2541 631 2606 ad
646 2542 778 2607 verbum
793 2542 907 2608 Latine
919 2543 1149 2630 interpretatus
1160 2551 1218 2615 est.
1233 2548 1260 2634 ²)

188 2662 250 2730 Sed
272 2665 453 2734 accuratius
476 2666 729 2754 indagantibus,
762 2665 819 2751 qni
862 2667 929 2731 sint
950 2667 1070 2755 dialogi
1098 2669 1260 2749 Platonis,

146 2789 185 2858 ad
207 2811 346 2874 qnorum
371 2792 557 2858 memoriam
579 2792 717 2860 maxime
734 2790 796 2856 hac
811 2790 948 2856 lectione
967 2812 1167 2872 revocemun
1194 2799 1260 2860 tres

146 2913 237 2982 uobis
260 2914 410 2984 videntur
433 2937 501 2981 esse
523 2915 681 2982 Platonici
703 2916 790 2996 libri,
812 2936 893 2999 qnos
915 2914 1002 2981 baud
1023 2915 1121 2982 dubia
1135 2919 1261 3003 conjec-

146 3041 217 3106 tura
241 3039 396 3108 affirmari
418 3039 531 3123 possit,
563 3038 708 3106 Ciceroni
738 3061 810 3104 cum
840 3038 920 3104 baec
949 3041 1103 3107 scriberet
1126 3042 1167 3107 ob
1190 3042 1261 3108 ani·

145 3183 230 3232 mum
254 3184 322 3228 esse
345 3167 506 3229 versatos:
540 3162 695 3249 Gorgias,
717 3162 884 3230 Phaedrus
907 3168 940 3228 et
969 3161 1102 3229 Civitas.
1138 3164 1260 3232 Notum

19 3305 20 3310 ¹
146 3290 191 3354 est
236 3286 269 3354 in
303 3285 464 3352 Ciceronis
487 3286 579 3352 libris
602 3287 640 3352 de
663 3286 852 3370 Reipublica
881 3292 913 3353 et
936 3288 974 3352 de
998 3285 1121 3353 Officiis
1158 3289 1261 3356 multa

145 3409 183 3480 ad
206 3409 389 3494 exemplum
414 3413 583 3484 πολιτείας
605 3409 794 3475 adumbrata
817 3433 897 3490 esse,
919 3449 959 3460 -
977 3411 1181 3496 ejusdemque
1199 3412 1261 3479 ini·

145 3532 224 3602 tium
247 3533 282 3600 in
305 3533 501 3618 lepidissimo
523 3533 634 3599 libello
656 3534 695 3599 de
718 3533 900 3616 Senectute,
923 3536 1052 3622 egregie
1075 3539 1205 3603 anctum
1228 3541 1261 3602 et

148 3656 237 3739 quasi
260 3654 431 3724 dilatatum
453 3657 602 3734 inveniri3
627 3679 666 3721 ex
685 3657 832 3724 Phaedro
850 3681 977 3744 quoque
1000 3663 1032 3724 et
1044 3657 1212 3726 Oratorem
1228 3666 1261 3727 et

149 3776 394 3864 Disputationes
443 3779 642 3848 Tusculanas
684 3780 860 3867 permultos
897 3783 985 3848 locos
1018 3785 1148 3850 referre.
1181 3783 1262 3862 Sed,

146 3907 342 3990 quantopere
365 3926 405 3970 ex
427 3905 533 3972 tribus
553 3905 619 3972 illis
641 3905 732 3972 libris
759 3905 990 3990 ᾱίεροιιιίοοιε
1022 3907 1081 3974 »de
1102 3907 1258 3977 oratore'

146 4027 323 4110 pendeant,
345 4051 461 4114 operae
482 4030 622 4115 pretinm
643 4030 771 4098 ridetur
793 4031 973 4102 accuratius
984 4031 1171 4115 expendere,
1188 4052 1261 4098 cnm

147 4204 305 4222 m

182 4326 207 4397 l)
223 4325 264 4384 De
282 4324 388 4386 02111.
408 4333 451 4386 17.
471 4326 554 4390 (lons.
574 4331 626 4390 220
644 4328 674 4390 0.

180 4415 207 4492 2)
225 4414 270 4475 Or.
290 4419 333 4480 41.
