3404 5198
959 572 1002 640 44

423 809 496 852 eum
507 786 614 872 potius
626 786 665 852 iis
677 788 796 866 favere,
808 810 890 872 quae
902 791 1014 853 contra
1026 787 1119 853 erant
1130 788 1216 854 diota
1227 787 1268 854 ab
1280 789 1435 858 Antonio.
1449 790 1540 857 Oete·

423 934 505 988 rum,
526 934 624 996 quam
647 934 746 996 prope
758 912 855 997 hujus
867 912 1005 997 quidem,
1017 935 1099 997 quae
1111 913 1304 991 referuntur,
1317 915 1483 998 opiniones
1502 917 1540 982 ab

421 1034 487 1100 illis
510 1035 625 1100 Licinii
647 1040 705 1101 aut
727 1037 834 1120 potius
846 1036 1003 1102 Tullianis
1025 1038 1182 1103 sententis
1200 1039 1320 1116 absint,
1337 1038 1440 1104 altera
1464 1039 1541 1105 haec

422 1158 598 1243 disputatio
623 1161 777 1226 ostendit:
801 1160 882 1226 liber
902 1159 935 1224 Il
954 1160 1039 1225 enim
1062 1160 1129 1225 lere
1152 1164 1240 1226 totus
1265 1161 1401 1227 Antonii
1424 1184 1542 1227 sermo·

422 1283 517 1348 nibus
541 1285 735 1349 continetur.

467 1407 529 1482 Qui
552 1412 724 1491 autequam
748 1409 814 1473 sive
837 1411 873 1474 de
891 1411 1069 1485 inventione,
1085 1409 1152 1474 sive
1171 1412 1207 1472 de
1231 1410 1423 1474 collocatione
1439 1431 1544 1474 rerum

423 1535 455 1596 et
478 1531 622 1597 locorum
641 1532 744 1598 dicere
768 1533 885 1617 coepit,
912 1571 951 1581 -
976 1531 1035 1597 has
1060 1532 1143 1597 eninr
1168 1536 1277 1616 partes
1307 1533 1455 1617 deinceps
1491 1555 1544 1596 ex-

424 1655 554 1740 plicabit
579 1697 620 1705 -
646 1657 786 1723 >docebo
805 1680 873 1734 voe,
896 1656 1012 1740 inquit,
1035 1656 1195 1742 discipuli,
1217 1657 1303 1741 quod
1327 1658 1395 1741 ipse
1409 1679 1473 1722 non
1496 1657 1543 1720 di·
1675 1660 1678 1673 '

423 1779 495 1857 dici,
518 1780 596 1865 quid
619 1781 657 1844 de
680 1782 769 1846 omni
804 1802 920 1867 genere
955 1781 1078 1844 dicendi
1113 1779 1283 1844 sentiam.”
1308 1780 1417 1865 Atque
1441 1780 1544 1864 primo

424 1904 551 1989 quidem
575 1906 659 1988 quod
683 1905 823 1988 pertinet
846 1905 886 1969 ad
909 1905 1139 1988 quaestionem,
1165 1917 1270 1969 utrum
1293 1906 1544 1970 sitoredimodi:

425 2031 534 2113 negat,
555 2027 581 2092 si
605 2051 657 2092 ars
680 2029 804 2093 dicatur
828 2051 895 2094 esso
918 2051 1028 2094 earum
1048 2051 1156 2092 rerum
1179 2051 1261 2112 quae
1282 2029 1442 2102 sciuntur;
1475 2048 1545 2091 ora·

425 2151 505 2216 toris
527 2150 612 2216 enim
636 2174 762 2217 omnem
785 2153 942 2218 actionem
966 2151 1170 2236 opinionibus
1194 2174 1258 2216 uon
1287 2152 1421 2217 scientia
1443 2149 1545 2216 conti-

425 2275 505 2338 neri.
528 2274 612 2340 Nam
636 2279 780 2340 oratores
804 2275 981 2342 contraries
993 2299 1087 2361 saepe
1098 2299 1209 2341 causas
1222 2276 1342 2342 dicere:
1359 2276 1460 2340 immo
1473 2295 1546 2338 vero

425 2396 569 2483 singulos
591 2399 700 2463 eadem
724 2399 762 2464 de
786 2422 819 2464 rc
842 2399 921 2466 alias
944 2400 1030 2465 uliud
1043 2401 1211 2467 defendere
1229 2400 1341 2479 solere,
1355 2422 1427 2465 cum
1439 2403 1545 2463 tamen

426 2522 499 2607 plus
523 2544 586 2587 uno
610 2544 720 2587 verum
744 2545 811 2588 esse
834 2545 899 2588 non
921 2526 1032 2609 possit.
1064 2524 1171 2601 Quum
1208 2530 1316 2590 tamen
1350 2546 1416 2589 non
1452 2525 1546 2608 neget

426 2649 599 2730 praccepta
621 2667 712 2729 posse
746 2648 902 2731 quaedam
937 2649 1006 2714 dari
1039 2654 1194 2734 peracuto
1227 2649 1268 2714 ad
1302 2645 1545 2733 pertractandos

427 2769 550 2834 animos
562 2770 739 2849 hominum,
751 2776 783 2836 et
795 2773 835 2837 ad
858 2773 1058 2857 excipiendus
1079 2794 1189 2838 eorum
1202 2772 1400 2837 voluntates:
1420 2769 1546 2853 »Hujus

427 2893 473 2958 rei
495 2894 673 2972 scientiam,
698 2895 854 2979 inquitet
878 2896 949 2980 quis
972 2896 1059 2962 volet
1082 2919 1233 2983 maguam
1258 2896 1428 2981 quamdam
1446 2897 1546 2958 artem

425 3040 493 3083 esse
505 3018 620 3096 dicere,
631 3040 696 3083 non
709 3019 927 3106 repugnabo.''
948 3018 1063 3085 Noteri
1080 3019 1163 3085 enim
1178 3042 1280 3104 posse,
1292 3018 1369 3104 quid
1381 3018 1434 3097 sit,
1448 3037 1546 3100 quare

425 3141 482 3206 alii
504 3142 618 3207 melius
642 3164 738 3226 quam
762 3143 818 3208 alii
841 3143 959 3220 dicant,
982 3143 1116 3228 ideoque
1141 3144 1173 3207 id
1197 3144 1252 3227 qui
1276 3146 1347 3209 toto
1369 3142 1404 3207 in
1427 3162 1546 3226 genere

425 3266 545 3345 fecerit,
569 3289 642 3332 eum
666 3267 693 3332 si
716 3289 779 3356 non
803 3265 899 3352 plane
915 3270 1026 3344 artem,
1041 3271 1074 3331 ot
1087 3267 1177 3350 quasi
1191 3272 1294 3332 artem
1307 3266 1481 3351 quamdam
1494 3265 1543 3330 in·

424 3391 558 3457 venisse.
598 3429 636 3439 -
673 3391 777 3456 Tanto
800 3413 896 3475 opere
919 3390 992 3456 dein
1023 3389 1184 3456 Antonius
1218 3390 1343 3456 dicendi
1377 3388 1544 3454 facultatis

421 3515 668 3600 jucunditatem,
692 3514 878 3592 utilitatem,
901 3514 1078 3598 potentiam
1103 3513 1244 3591 extollit,
1264 3512 1396 3596 ejusque
1410 3535 1546 3599 regnum

425 3644 492 3705 tam
516 3638 581 3703 late
605 3638 760 3715 extendit,
772 3643 808 3702 ut
831 3639 893 3703 dici
915 3644 1054 3724 nequeat
1065 3639 1133 3724 ipse
1157 3637 1291 3704 Crassus
1315 3637 1480 3722 superiore
1498 3635 1548 3700 die

424 3763 595 3848 quicquam
618 3762 876 3848 magnificentius
901 3764 939 3828 dc
963 3786 1000 3828 ea
1018 3763 1225 3849 praedicasse.
1243 3762 1470 3845 Quaecumque
1482 3759 1548 3824 sive

424 3886 458 3951 in
481 3889 606 3963 senatu,
630 3886 696 3950 sive
720 3886 805 3970 apud
839 3887 1005 3970 populum,
1040 3887 1107 3952 sivc
1141 3887 1174 3951 in
1206 3885 1355 3971 judiciis:
1380 3907 1463 3970 quae
1492 3887 1548 3948 aut

425 4008 604 4086 suadendo,
629 4013 685 4073 aut
708 4009 933 4093 vituperando,
957 4018 1015 4077 aut
1038 4012 1208 4089 laudando,
1231 4015 1289 4076 aut
1312 4009 1463 4086 sedando,
1492 4009 1549 4072 eut

426 4132 619 4198 consolando
632 4138 814 4218 agerentur,
827 4174 871 4182 -
883 4136 990 4201 omniu
1002 4159 1068 4200 esse
1084 4135 1217 4220 propria
1241 4133 1396 4206 oratoris;
1420 4152 1460 4194 ne
1484 4129 1549 4194 his·

427 4255 544 4322 toriam
568 4255 696 4339 quidem
720 4256 786 4322 alia
808 4257 868 4322 nisi
895 4261 1119 4325 oratorisvoce
1136 4256 1377 4323 immortalitati
1390 4276 1551 4320 commen·

428 4380 506 4448 dari.
531 4381 618 4456 Quae
643 4403 775 4446 munera
796 4381 857 4446 hoc
881 4383 947 4448 fere
969 4387 1063 4468 pacto
1087 4421 1131 4430 —
1156 4386 1205 4446 est
1236 4380 1320 4446 euim
1345 4380 1414 4465 ejus
1443 4377 1550 4462 dispu-

428 4504 511 4570 tatio
530 4502 640 4589 paullo
663 4506 826 4570 obscurior
850 4547 893 4556 —
916 4507 972 4572 uui
995 4506 1118 4573 dicendi
1141 4504 1205 4572 arti
1227 4489 1389 4570 vindicare
1410 4501 1549 4566 videtur:
