<?xml version="1.0" encoding="UTF-8"?>
<!DOCTYPE html PUBLIC "-//W3C//DTD XHTML 1.0 Transitional//EN"
    "http://www.w3.org/TR/xhtml1/DTD/xhtml1-transitional.dtd">
<html xmlns="http://www.w3.org/1999/xhtml" xml:lang="en" lang="en">
 <head>
  <title>
</title>
<meta http-equiv="Content-Type" content="text/html;charset=utf-8" />
  <meta name='ocr-system' content='tesseract 3.04.00' />
  <meta name='ocr-capabilities' content='ocr_page ocr_carea ocr_par ocr_line ocrx_word'/>
</head>
<body>
  <div class='ocr_page' id='page_1' title='image "./demtulliicicero01vessgoog_0032.png"; bbox 0 0 3404 5198; ppageno 0'>
   <div class='ocr_carea' id='block_1_1' title="bbox 691 591 735 678">
    <p class='ocr_par' dir='ltr' id='par_1_1' title="bbox 691 591 735 678">
     <span class='ocr_line' id='line_1_1' title="bbox 691 591 735 678; baseline 0 -21"><span class='ocrx_word' id='word_1_1' title='bbox 691 591 735 678; x_wconf 77' lang='lat'><strong>21</strong></span> 
     </span>
    </p>
   </div>
   <div class='ocr_carea' id='block_1_2' title="bbox 74 785 1271 4242">
    <p class='ocr_par' dir='ltr' id='par_1_2' title="bbox 74 785 1271 2250">
     <span class='ocr_line' id='line_1_2' title="bbox 74 785 1271 893; baseline -0.008 -17"><span class='ocrx_word' id='word_1_2' title='bbox 74 848 76 853; x_wconf 95' lang='lat'>·</span> <span class='ocrx_word' id='word_1_3' title='bbox 152 809 326 876; x_wconf 74' lang='lat' dir='ltr'><strong>citudinem</strong></span> <span class='ocrx_word' id='word_1_4' title='bbox 345 813 378 874; x_wconf 91' lang='lat' dir='ltr'><strong>et</strong></span> <span class='ocrx_word' id='word_1_5' title='bbox 394 807 596 893; x_wconf 78' lang='lat' dir='ltr'><strong>prudentiam</strong></span> <span class='ocrx_word' id='word_1_6' title='bbox 612 804 742 891; x_wconf 79' lang='lat' dir='ltr'><strong>egregie</strong></span> <span class='ocrx_word' id='word_1_7' title='bbox 758 803 942 888; x_wconf 84' lang='lat' dir='ltr'><strong>exprimunt</strong></span> <span class='ocrx_word' id='word_1_8' title='bbox 962 842 1000 863; x_wconf 81' lang='grc'><strong>.-</strong></span> <span class='ocrx_word' id='word_1_9' title='bbox 1023 803 1105 868; x_wconf 75' lang='lat' dir='ltr'><strong>»Sed</strong></span> <span class='ocrx_word' id='word_1_10' title='bbox 1124 785 1271 867; x_wconf 88' lang='lat' dir='ltr'><strong>nostrum</strong></span> 
     </span>
     <span class='ocr_line' id='line_1_3' title="bbox 150 927 1271 1020; baseline -0.007 -22"><span class='ocrx_word' id='word_1_11' title='bbox 150 935 337 999; x_wconf 88' lang='lat' dir='ltr'><strong>instituendi</strong></span> <span class='ocrx_word' id='word_1_12' title='bbox 364 955 464 1020; x_wconf 87' lang='lat' dir='ltr'><strong>genus</strong></span> <span class='ocrx_word' id='word_1_13' title='bbox 490 953 558 996; x_wconf 89' lang='lat' dir='ltr'><strong>esse</strong></span> <span class='ocrx_word' id='word_1_14' title='bbox 581 931 690 1016; x_wconf 89' lang='lat' dir='ltr'><strong>paullo</strong></span> <span class='ocrx_word' id='word_1_15' title='bbox 718 931 872 995; x_wconf 91' lang='lat' dir='ltr'><strong>eruditius</strong></span> <span class='ocrx_word' id='word_1_16' title='bbox 903 934 935 994; x_wconf 89' lang='lat' dir='ltr'><strong>et</strong></span> <span class='ocrx_word' id='word_1_17' title='bbox 963 927 1180 1013; x_wconf 70' lang='grc' dir='ltr'><em>θεῑικώτερον</em></span> <span class='ocrx_word' id='word_1_18' title='bbox 1206 948 1271 990; x_wconf 94' lang='lat' dir='ltr'><strong>non</strong></span> 
     </span>
     <span class='ocr_line' id='line_1_4' title="bbox 151 1053 1270 1145; baseline -0.01 -21"><span class='ocrx_word' id='word_1_19' title='bbox 151 1059 292 1145; x_wconf 87' lang='lat' dir='ltr'><strong>ignoras.</strong></span> <span class='ocrx_word' id='word_1_20' title='bbox 328 1059 432 1134; x_wconf 74' lang='lat' dir='ltr'><strong>Quare</strong></span> <span class='ocrx_word' id='word_1_21' title='bbox 469 1078 574 1140; x_wconf 86' lang='lat' dir='ltr'><strong>neque</strong></span> <span class='ocrx_word' id='word_1_22' title='bbox 608 1078 668 1141; x_wconf 91' lang='lat' dir='ltr'><strong>ego</strong></span> <span class='ocrx_word' id='word_1_23' title='bbox 703 1055 851 1139; x_wconf 92' lang='lat' dir='ltr'><strong>impediri</strong></span> <span class='ocrx_word' id='word_1_24' title='bbox 881 1053 1043 1120; x_wconf 83' lang='lat' dir='ltr'><strong>Ciceronis</strong></span> <span class='ocrx_word' id='word_1_25' title='bbox 1077 1053 1140 1115; x_wconf 86' lang='lat' dir='ltr'><strong>iter</strong></span> <span class='ocrx_word' id='word_1_26' title='bbox 1174 1055 1270 1134; x_wconf 90' lang='lat' dir='ltr'><strong>atquc</strong></span> 
     </span>
     <span class='ocr_line' id='line_1_5' title="bbox 151 1175 1269 1265; baseline -0.007 -19"><span class='ocrx_word' id='word_1_27' title='bbox 151 1181 242 1246; x_wconf 87' lang='lat' dir='ltr'><strong>illam</strong></span> <span class='ocrx_word' id='word_1_28' title='bbox 267 1181 466 1264; x_wconf 80' lang='lat' dir='ltr'><strong>disciplinam</strong></span> <span class='ocrx_word' id='word_1_29' title='bbox 490 1179 574 1258; x_wconf 84' lang='lat' dir='ltr'><strong>volo,</strong></span> <span class='ocrx_word' id='word_1_30' title='bbox 598 1182 630 1244; x_wconf 91' lang='lat' dir='ltr'><strong>et</strong></span> <span class='ocrx_word' id='word_1_31' title='bbox 657 1180 725 1264; x_wconf 90' lang='lat' dir='ltr'><strong>ipse</strong></span> <span class='ocrx_word' id='word_1_32' title='bbox 747 1201 825 1264; x_wconf 92' lang='lat' dir='ltr'><strong>puer</strong></span> <span class='ocrx_word' id='word_1_33' title='bbox 848 1180 952 1265; x_wconf 90' lang='lat' dir='ltr'><strong>magis</strong></span> <span class='ocrx_word' id='word_1_34' title='bbox 964 1179 1020 1242; x_wconf 92' lang='lat' dir='ltr'><strong>illo</strong></span> <span class='ocrx_word' id='word_1_35' title='bbox 1045 1175 1269 1241; x_wconf 89' lang='lat' dir='ltr'><strong>declamatorio</strong></span> 
     </span>
     <span class='ocr_line' id='line_1_6' title="bbox 150 1303 1270 1392; baseline -0.005 -22"><span class='ocrx_word' id='word_1_36' title='bbox 150 1327 268 1392; x_wconf 83' lang='lat' dir='ltr'><strong>genere</strong></span> <span class='ocrx_word' id='word_1_37' title='bbox 289 1305 361 1369; x_wconf 91' lang='lat' dir='ltr'><strong>duci</strong></span> <span class='ocrx_word' id='word_1_38' title='bbox 385 1307 417 1368; x_wconf 90' lang='lat' dir='ltr'><strong>et</strong></span> <span class='ocrx_word' id='word_1_39' title='bbox 439 1303 591 1368; x_wconf 88' lang='lat' dir='ltr'><strong>delectari</strong></span> <span class='ocrx_word' id='word_1_40' title='bbox 615 1303 753 1368; x_wconf 84' lang='lat' dir='ltr'><strong>videtur.</strong></span> <span class='ocrx_word' id='word_1_41' title='bbox 777 1304 815 1367; x_wconf 91' lang='lat' dir='ltr'><strong>ln</strong></span> <span class='ocrx_word' id='word_1_42' title='bbox 841 1325 914 1387; x_wconf 89' lang='lat' dir='ltr'><strong>quo,</strong></span> <span class='ocrx_word' id='word_1_43' title='bbox 939 1303 1170 1386; x_wconf 89' lang='lat' dir='ltr'><strong>quoniamipsc</strong></span> <span class='ocrx_word' id='word_1_44' title='bbox 1190 1322 1270 1384; x_wconf 93' lang='lat' dir='ltr'><strong>quo·</strong></span> 
     </span>
     <span class='ocr_line' id='line_1_7' title="bbox 151 1424 1269 1514; baseline -0.008 -20"><span class='ocrx_word' id='word_1_45' title='bbox 151 1451 214 1514; x_wconf 90' lang='lat' dir='ltr'><strong>que</strong></span> <span class='ocrx_word' id='word_1_46' title='bbox 237 1427 366 1506; x_wconf 85' lang='lat' dir='ltr'><strong>fuimns,</strong></span> <span class='ocrx_word' id='word_1_47' title='bbox 390 1428 552 1512; x_wconf 89' lang='lat' dir='ltr'><strong>patiamur</strong></span> <span class='ocrx_word' id='word_1_48' title='bbox 574 1427 667 1491; x_wconf 91' lang='lat' dir='ltr'><strong>illum</strong></span> <span class='ocrx_word' id='word_1_49' title='bbox 691 1427 737 1491; x_wconf 91' lang='lat' dir='ltr'><strong>ire</strong></span> <span class='ocrx_word' id='word_1_50' title='bbox 760 1426 1073 1498; x_wconf 80' lang='lat' dir='ltr'><strong>nostrisitineribus3</strong></span> <span class='ocrx_word' id='word_1_51' title='bbox 1097 1424 1269 1506; x_wconf 87' lang='lat' dir='ltr'><strong>eodemque</strong></span> 
     </span>
     <span class='ocr_line' id='line_1_8' title="bbox 151 1548 1267 1636; baseline -0.006 -19"><span class='ocrx_word' id='word_1_52' title='bbox 151 1553 237 1617; x_wconf 92' lang='lat' dir='ltr'><strong>enim</strong></span> <span class='ocrx_word' id='word_1_53' title='bbox 259 1554 489 1636; x_wconf 86' lang='lat' dir='ltr'><strong>proventurum</strong></span> <span class='ocrx_word' id='word_1_54' title='bbox 513 1573 580 1615; x_wconf 88' lang='lat' dir='ltr'><strong>esse</strong></span> <span class='ocrx_word' id='word_1_55' title='bbox 603 1550 802 1615; x_wconf 90' lang='lat' dir='ltr'><strong>confidimus.</strong></span> <span class='ocrx_word' id='word_1_56' title='bbox 834 1549 894 1615; x_wconf 84' lang='lat' dir='ltr'><strong>Sed</strong></span> <span class='ocrx_word' id='word_1_57' title='bbox 918 1553 1026 1614; x_wconf 88' lang='lat' dir='ltr'><strong>tamen</strong></span> <span class='ocrx_word' id='word_1_58' title='bbox 1050 1549 1076 1612; x_wconf 91' lang='lat' dir='ltr'><strong>si</strong></span> <span class='ocrx_word' id='word_1_59' title='bbox 1100 1548 1267 1612; x_wconf 90' lang='lat' dir='ltr'><strong>nobiscum</strong></span> 
     </span>
     <span class='ocr_line' id='line_1_9' title="bbox 150 1674 1267 1759; baseline -0.005 -19"><span class='ocrx_word' id='word_1_60' title='bbox 150 1699 224 1740; x_wconf 89' lang='lat' dir='ltr'><strong>eum</strong></span> <span class='ocrx_word' id='word_1_61' title='bbox 247 1699 301 1740; x_wconf 90' lang='lat' dir='ltr'><strong>rus</strong></span> <span class='ocrx_word' id='word_1_62' title='bbox 324 1675 430 1759; x_wconf 90' lang='lat' dir='ltr'><strong>aliquo</strong></span> <span class='ocrx_word' id='word_1_63' title='bbox 454 1675 666 1752; x_wconf 85' lang='lat' dir='ltr'><strong>eduxerimus,</strong></span> <span class='ocrx_word' id='word_1_64' title='bbox 689 1675 722 1738; x_wconf 89' lang='lat' dir='ltr'><strong>in</strong></span> <span class='ocrx_word' id='word_1_65' title='bbox 746 1675 830 1738; x_wconf 88' lang='lat' dir='ltr'><strong>hanc</strong></span> <span class='ocrx_word' id='word_1_66' title='bbox 847 1679 990 1738; x_wconf 89' lang='lat' dir='ltr'><strong>nostram</strong></span> <span class='ocrx_word' id='word_1_67' title='bbox 1010 1674 1167 1736; x_wconf 90' lang='lat' dir='ltr'><strong>rationem</strong></span> <span class='ocrx_word' id='word_1_68' title='bbox 1192 1693 1267 1735; x_wconf 90' lang='lat' dir='ltr'><strong>con-</strong></span> 
     </span>
     <span class='ocr_line' id='line_1_10' title="bbox 149 1798 1268 1884; baseline -0.004 -20"><span class='ocrx_word' id='word_1_69' title='bbox 149 1801 414 1884; x_wconf 88' lang='lat' dir='ltr'><strong>suetudinemque</strong></span> <span class='ocrx_word' id='word_1_70' title='bbox 437 1799 654 1864; x_wconf 88' lang='lat' dir='ltr'><strong>inducemus.&#39;&#39;</strong></span> <span class='ocrx_word' id='word_1_71' title='bbox 673 1798 700 1880; x_wconf 78' lang='grc'><strong>1)</strong></span> <span class='ocrx_word' id='word_1_72' title='bbox 724 1799 857 1876; x_wconf 80' lang='lat' dir='ltr'><strong>Quibus,</strong></span> <span class='ocrx_word' id='word_1_73' title='bbox 880 1799 941 1862; x_wconf 90' lang='lat' dir='ltr'><strong>nisi</strong></span> <span class='ocrx_word' id='word_1_74' title='bbox 953 1798 1059 1875; x_wconf 84' lang='lat' dir='ltr'><strong>fallor,</strong></span> <span class='ocrx_word' id='word_1_75' title='bbox 1071 1798 1149 1861; x_wconf 88' lang='lat' dir='ltr'><strong>satis</strong></span> <span class='ocrx_word' id='word_1_76' title='bbox 1169 1819 1268 1880; x_wconf 87' lang='lat' dir='ltr'><strong>appa·</strong></span> 
     </span>
     <span class='ocr_line' id='line_1_11' title="bbox 150 1921 1268 2008; baseline -0.004 -19"><span class='ocrx_word' id='word_1_77' title='bbox 150 1929 213 2002; x_wconf 87' lang='lat' dir='ltr'><strong>ret,</strong></span> <span class='ocrx_word' id='word_1_78' title='bbox 237 1928 434 2008; x_wconf 77' lang='lat' dir='ltr'><strong>quantopere</strong></span> <span class='ocrx_word' id='word_1_79' title='bbox 458 1927 526 1987; x_wconf 89' lang='lat' dir='ltr'><strong>tum</strong></span> <span class='ocrx_word' id='word_1_80' title='bbox 539 1923 675 2000; x_wconf 89' lang='lat' dir='ltr'><strong>animus,</strong></span> <span class='ocrx_word' id='word_1_81' title='bbox 689 1928 762 1987; x_wconf 65' lang='lat' dir='ltr'><strong>,tum</strong></span> <span class='ocrx_word' id='word_1_82' title='bbox 778 1945 828 1986; x_wconf 91' lang='lat' dir='ltr'><strong>res</strong></span> <span class='ocrx_word' id='word_1_83' title='bbox 845 1923 1036 1987; x_wconf 78' lang='lat' dir='ltr'><strong>domesticae</strong></span> <span class='ocrx_word' id='word_1_84' title='bbox 1053 1927 1084 1986; x_wconf 91' lang='lat' dir='ltr'><strong>et</strong></span> <span class='ocrx_word' id='word_1_85' title='bbox 1095 1921 1268 1985; x_wconf 84' lang='lat' dir='ltr'><strong>familiares</strong></span> 
     </span>
     <span class='ocr_line' id='line_1_12' title="bbox 150 2043 1268 2126; baseline -0.005 -14"><span class='ocrx_word' id='word_1_86' title='bbox 150 2047 347 2126; x_wconf 80' lang='lat' dir='ltr'><strong>Ciceronem,</strong></span> <span class='ocrx_word' id='word_1_87' title='bbox 371 2065 411 2111; x_wconf 73' lang='lat' dir='ltr'><strong>eo·</strong></span> <span class='ocrx_word' id='word_1_88' title='bbox 432 2048 569 2111; x_wconf 85' lang='lat' dir='ltr'><strong>maxime</strong></span> <span class='ocrx_word' id='word_1_89' title='bbox 581 2071 676 2126; x_wconf 92' lang='lat' dir='ltr'><strong>anno,</strong></span> <span class='ocrx_word' id='word_1_90' title='bbox 690 2054 726 2112; x_wconf 92' lang='lat' dir='ltr'><strong>ut</strong></span> <span class='ocrx_word' id='word_1_91' title='bbox 745 2049 783 2112; x_wconf 90' lang='lat' dir='ltr'><strong>dc</strong></span> <span class='ocrx_word' id='word_1_92' title='bbox 805 2048 945 2112; x_wconf 90' lang='lat' dir='ltr'><strong>oratoria</strong></span> <span class='ocrx_word' id='word_1_93' title='bbox 968 2045 1170 2110; x_wconf 82' lang='lat' dir='ltr'><strong>institutione</strong></span> <span class='ocrx_word' id='word_1_94' title='bbox 1190 2043 1268 2107; x_wconf 89' lang='lat' dir='ltr'><strong>scri-</strong></span> 
     </span>
     <span class='ocr_line' id='line_1_13' title="bbox 149 2171 547 2250; baseline -0.008 -13"><span class='ocrx_word' id='word_1_95' title='bbox 149 2173 255 2250; x_wconf 86' lang='lat' dir='ltr'><strong>beret,</strong></span> <span class='ocrx_word' id='word_1_96' title='bbox 278 2172 450 2236; x_wconf 86' lang='lat' dir='ltr'><strong>adhortata</strong></span> <span class='ocrx_word' id='word_1_97' title='bbox 472 2171 547 2235; x_wconf 89' lang='lat' dir='ltr'><strong>sint.</strong></span> 
     </span>
    </p>

    <p class='ocr_par' dir='ltr' id='par_1_3' title="bbox 145 2294 1268 3876">
     <span class='ocr_line' id='line_1_14' title="bbox 195 2294 1268 2379; baseline -0.006 -17"><span class='ocrx_word' id='word_1_98' title='bbox 195 2295 365 2362; x_wconf 90' lang='lat' dir='ltr'><strong>Mirabitur</strong></span> <span class='ocrx_word' id='word_1_99' title='bbox 410 2295 495 2359; x_wconf 89' lang='lat' dir='ltr'><strong>forte</strong></span> <span class='ocrx_word' id='word_1_100' title='bbox 529 2294 688 2379; x_wconf 90' lang='lat' dir='ltr'><strong>quispiam</strong></span> <span class='ocrx_word' id='word_1_101' title='bbox 733 2319 791 2361; x_wconf 86' lang='lat' dir='ltr'><strong>noa</strong></span> <span class='ocrx_word' id='word_1_102' title='bbox 836 2297 875 2361; x_wconf 93' lang='lat' dir='ltr'><strong>de</strong></span> <span class='ocrx_word' id='word_1_103' title='bbox 910 2297 1029 2372; x_wconf 80' lang='lat' dir='ltr'><strong>Quinto</strong></span> <span class='ocrx_word' id='word_1_104' title='bbox 1074 2295 1172 2358; x_wconf 82' lang='lat' dir='ltr'><strong>tratre</strong></span> <span class='ocrx_word' id='word_1_105' title='bbox 1215 2294 1268 2357; x_wconf 90' lang='lat' dir='ltr'><strong>hic</strong></span> 
     </span>
     <span class='ocr_line' id='line_1_15' title="bbox 148 2418 1266 2506; baseline -0.004 -19"><span class='ocrx_word' id='word_1_106' title='bbox 148 2421 344 2488; x_wconf 89' lang='lat' dir='ltr'><strong>mentionem</strong></span> <span class='ocrx_word' id='word_1_107' title='bbox 390 2442 454 2492; x_wconf 86' lang='lat' dir='ltr'><strong>nou</strong></span> <span class='ocrx_word' id='word_1_108' title='bbox 500 2420 656 2503; x_wconf 86' lang='lat' dir='ltr'><strong>injicere:</strong></span> <span class='ocrx_word' id='word_1_109' title='bbox 692 2420 790 2485; x_wconf 90' lang='lat' dir='ltr'><strong>immo</strong></span> <span class='ocrx_word' id='word_1_110' title='bbox 827 2422 956 2506; x_wconf 89' lang='lat' dir='ltr'><strong>putabit</strong></span> <span class='ocrx_word' id='word_1_111' title='bbox 984 2444 1042 2485; x_wconf 88' lang='lat' dir='ltr'><strong>nos</strong></span> <span class='ocrx_word' id='word_1_112' title='bbox 1080 2423 1150 2483; x_wconf 90' lang='lat' dir='ltr'><strong>toto</strong></span> <span class='ocrx_word' id='word_1_113' title='bbox 1178 2418 1266 2483; x_wconf 92' lang='lat' dir='ltr'><strong>coelo</strong></span> 
     </span>
     <span class='ocr_line' id='line_1_16' title="bbox 146 2543 1265 2629; baseline -0.005 -17"><span class='ocrx_word' id='word_1_114' title='bbox 146 2571 166 2612; x_wconf 88' lang='lat' dir='ltr'><strong>a</strong></span> <span class='ocrx_word' id='word_1_115' title='bbox 190 2545 351 2611; x_wconf 83' lang='lat' dir='ltr'><strong>Ciceronis</strong></span> <span class='ocrx_word' id='word_1_116' title='bbox 373 2544 539 2629; x_wconf 88' lang='lat' dir='ltr'><strong>proposito</strong></span> <span class='ocrx_word' id='word_1_117' title='bbox 562 2543 736 2609; x_wconf 88' lang='lat' dir='ltr'><strong>aberrasse.</strong></span> <span class='ocrx_word' id='word_1_118' title='bbox 760 2544 884 2609; x_wconf 89' lang='lat' dir='ltr'><strong>Notum</strong></span> <span class='ocrx_word' id='word_1_119' title='bbox 907 2546 991 2609; x_wconf 89' lang='lat' dir='ltr'><strong>enim</strong></span> <span class='ocrx_word' id='word_1_120' title='bbox 1015 2566 1083 2609; x_wconf 87' lang='lat' dir='ltr'><strong>esse</strong></span> <span class='ocrx_word' id='word_1_121' title='bbox 1106 2543 1205 2607; x_wconf 88' lang='lat' dir='ltr'><strong>libros</strong></span> <span class='ocrx_word' id='word_1_122' title='bbox 1228 2543 1265 2606; x_wconf 91' lang='lat' dir='ltr'><strong>de</strong></span> 
     </span>
     <span class='ocr_line' id='line_1_17' title="bbox 147 2667 1266 2745; baseline -0.005 -9"><span class='ocrx_word' id='word_1_123' title='bbox 147 2669 285 2736; x_wconf 88' lang='lat' dir='ltr'><strong>Oratore</strong></span> <span class='ocrx_word' id='word_1_124' title='bbox 318 2690 399 2733; x_wconf 88' lang='lat' dir='ltr'><strong>unos</strong></span> <span class='ocrx_word' id='word_1_125' title='bbox 434 2691 472 2732; x_wconf 84' lang='lat' dir='ltr'><strong>ex</strong></span> <span class='ocrx_word' id='word_1_126' title='bbox 496 2668 643 2733; x_wconf 90' lang='lat' dir='ltr'><strong>omnibus</strong></span> <span class='ocrx_word' id='word_1_127' title='bbox 674 2668 775 2733; x_wconf 90' lang='lat' dir='ltr'><strong>Marci</strong></span> <span class='ocrx_word' id='word_1_128' title='bbox 798 2669 890 2734; x_wconf 87' lang='lat' dir='ltr'><strong>libris</strong></span> <span class='ocrx_word' id='word_1_129' title='bbox 921 2669 1041 2745; x_wconf 79' lang='lat' dir='ltr'><strong>Quinto</strong></span> <span class='ocrx_word' id='word_1_130' title='bbox 1072 2667 1163 2731; x_wconf 81' lang='lat' dir='ltr'><strong>tratri</strong></span> <span class='ocrx_word' id='word_1_131' title='bbox 1198 2689 1266 2730; x_wconf 92' lang='lat' dir='ltr'><strong>esse</strong></span> 
     </span>
     <span class='ocr_line' id='line_1_18' title="bbox 146 2791 1266 2879; baseline -0.003 -22"><span class='ocrx_word' id='word_1_132' title='bbox 146 2795 283 2870; x_wconf 57' lang='lat' dir='ltr'><strong>dicatos</strong></span> <span class='ocrx_word' id='word_1_133' title='bbox 308 2792 482 2875; x_wconf 85' lang='lat' dir='ltr'><strong>statimque</strong></span> <span class='ocrx_word' id='word_1_134' title='bbox 505 2791 564 2856; x_wconf 88' lang='lat' dir='ltr'><strong>sub</strong></span> <span class='ocrx_word' id='word_1_135' title='bbox 585 2792 678 2857; x_wconf 91' lang='lat' dir='ltr'><strong>initio</strong></span> <span class='ocrx_word' id='word_1_136' title='bbox 701 2793 767 2879; x_wconf 91' lang='lat' dir='ltr'><strong>legi</strong></span> <span class='ocrx_word' id='word_1_137' title='bbox 791 2793 886 2858; x_wconf 90' lang='lat' dir='ltr'><strong>illud:</strong></span> <span class='ocrx_word' id='word_1_138' title='bbox 910 2815 1025 2878; x_wconf 91' lang='lat' dir='ltr'><strong>cupere</strong></span> <span class='ocrx_word' id='word_1_139' title='bbox 1049 2793 1181 2856; x_wconf 90' lang='lat' dir='ltr'><strong>fratrem</strong></span> <span class='ocrx_word' id='word_1_140' title='bbox 1206 2791 1266 2854; x_wconf 92' lang='lat' dir='ltr'><strong>ali-</strong></span> 
     </span>
     <span class='ocr_line' id='line_1_19' title="bbox 146 2914 1264 3002; baseline -0.003 -22"><span class='ocrx_word' id='word_1_141' title='bbox 146 2917 226 3002; x_wconf 91' lang='lat' dir='ltr'><strong>quid</strong></span> <span class='ocrx_word' id='word_1_142' title='bbox 247 2916 380 3001; x_wconf 90' lang='lat' dir='ltr'><strong>politius</strong></span> <span class='ocrx_word' id='word_1_143' title='bbox 404 2916 442 2979; x_wconf 95' lang='lat' dir='ltr'><strong>de</strong></span> <span class='ocrx_word' id='word_1_144' title='bbox 466 2914 589 2980; x_wconf 89' lang='lat' dir='ltr'><strong>dicendi</strong></span> <span class='ocrx_word' id='word_1_145' title='bbox 612 2919 680 2978; x_wconf 89' lang='lat' dir='ltr'><strong>arte</strong></span> <span class='ocrx_word' id='word_1_146' title='bbox 704 2916 858 3000; x_wconf 88' lang='lat' dir='ltr'><strong>accipere,</strong></span> <span class='ocrx_word' id='word_1_147' title='bbox 883 2939 978 3001; x_wconf 86' lang='lat' dir='ltr'><strong>quam</strong></span> <span class='ocrx_word' id='word_1_148' title='bbox 1003 2938 1084 2998; x_wconf 89' lang='lat' dir='ltr'><strong>quae</strong></span> <span class='ocrx_word' id='word_1_149' title='bbox 1105 2916 1142 2979; x_wconf 94' lang='lat' dir='ltr'><strong>de</strong></span> <span class='ocrx_word' id='word_1_150' title='bbox 1156 2914 1264 2978; x_wconf 89' lang='lat' dir='ltr'><strong>eadem</strong></span> 
     </span>
     <span class='ocr_line' id='line_1_20' title="bbox 147 3039 1265 3106; baseline -0.002 -2"><span class='ocrx_word' id='word_1_151' title='bbox 147 3063 184 3106; x_wconf 91' lang='lat' dir='ltr'><strong>re</strong></span> <span class='ocrx_word' id='word_1_152' title='bbox 209 3040 360 3105; x_wconf 85' lang='lat' dir='ltr'><strong>inchoata</strong></span> <span class='ocrx_word' id='word_1_153' title='bbox 381 3062 417 3104; x_wconf 91' lang='lat' dir='ltr'><strong>ac</strong></span> <span class='ocrx_word' id='word_1_154' title='bbox 441 3039 533 3103; x_wconf 88' lang='lat' dir='ltr'><strong>rudia</strong></span> <span class='ocrx_word' id='word_1_155' title='bbox 555 3042 631 3103; x_wconf 90' lang='lat' dir='ltr'><strong>sunt</strong></span> <span class='ocrx_word' id='word_1_156' title='bbox 655 3040 770 3104; x_wconf 89' lang='lat' dir='ltr'><strong>effusa:</strong></span> <span class='ocrx_word' id='word_1_157' title='bbox 796 3041 828 3104; x_wconf 89' lang='lat' dir='ltr'><strong>in</strong></span> <span class='ocrx_word' id='word_1_158' title='bbox 853 3063 889 3104; x_wconf 92' lang='lat' dir='ltr'><strong>eo</strong></span> <span class='ocrx_word' id='word_1_159' title='bbox 914 3045 1021 3104; x_wconf 89' lang='lat' dir='ltr'><strong>autem</strong></span> <span class='ocrx_word' id='word_1_160' title='bbox 1043 3041 1158 3104; x_wconf 79' lang='lat' dir='ltr'><strong>fratres</strong></span> <span class='ocrx_word' id='word_1_161' title='bbox 1180 3040 1265 3103; x_wconf 87' lang='lat' dir='ltr'><strong>inter</strong></span> 
     </span>
     <span class='ocr_line' id='line_1_21' title="bbox 145 3162 1265 3249; baseline -0.002 -20"><span class='ocrx_word' id='word_1_162' title='bbox 145 3189 180 3230; x_wconf 90' lang='lat' dir='ltr'><strong>se</strong></span> <span class='ocrx_word' id='word_1_163' title='bbox 204 3164 385 3243; x_wconf 88' lang='lat' dir='ltr'><strong>dissentire,</strong></span> <span class='ocrx_word' id='word_1_164' title='bbox 397 3163 483 3249; x_wconf 94' lang='lat' dir='ltr'><strong>quod</strong></span> <span class='ocrx_word' id='word_1_165' title='bbox 499 3162 626 3227; x_wconf 89' lang='lat' dir='ltr'><strong>Marcus</strong></span> <span class='ocrx_word' id='word_1_166' title='bbox 647 3164 934 3228; x_wconf 89' lang='lat' dir='ltr'><strong>eruditissimorum</strong></span> <span class='ocrx_word' id='word_1_167' title='bbox 959 3164 1124 3228; x_wconf 91' lang='lat' dir='ltr'><strong>hominum</strong></span> <span class='ocrx_word' id='word_1_168' title='bbox 1142 3164 1265 3227; x_wconf 89' lang='lat' dir='ltr'><strong>artibus</strong></span> 
     </span>
     <span class='ocr_line' id='line_1_22' title="bbox 145 3287 1264 3372; baseline -0.003 -19"><span class='ocrx_word' id='word_1_169' title='bbox 145 3288 362 3372; x_wconf 86' lang='lat' dir='ltr'><strong>eloquentiam</strong></span> <span class='ocrx_word' id='word_1_170' title='bbox 392 3287 549 3352; x_wconf 87' lang='lat' dir='ltr'><strong>contineri</strong></span> <span class='ocrx_word' id='word_1_171' title='bbox 576 3291 719 3366; x_wconf 87' lang='lat' dir='ltr'><strong>statuat,</strong></span> <span class='ocrx_word' id='word_1_172' title='bbox 759 3288 896 3363; x_wconf 84' lang='lat' dir='ltr'><strong>Quintus</strong></span> <span class='ocrx_word' id='word_1_173' title='bbox 925 3293 1032 3353; x_wconf 90' lang='lat' dir='ltr'><strong>autem</strong></span> <span class='ocrx_word' id='word_1_174' title='bbox 1061 3289 1193 3352; x_wconf 89' lang='lat' dir='ltr'><strong>eandem</strong></span> <span class='ocrx_word' id='word_1_175' title='bbox 1224 3287 1264 3350; x_wconf 92' lang='lat' dir='ltr'><strong>ab</strong></span> 
     </span>
     <span class='ocr_line' id='line_1_23' title="bbox 146 3387 1264 3498; baseline 0 -24"><span class='ocrx_word' id='word_1_176' title='bbox 146 3412 308 3498; x_wconf 85' lang='lat' dir='ltr'><strong>elegantia</strong></span> <span class='ocrx_word' id='word_1_177' title='bbox 327 3387 491 3475; x_wconf 82' lang='lat' dir='ltr'><strong>doctrinae</strong></span> <span class='ocrx_word' id='word_1_178' title='bbox 514 3412 744 3498; x_wconf 86' lang='lat' dir='ltr'><strong>segregandam</strong></span> <span class='ocrx_word' id='word_1_179' title='bbox 768 3417 869 3496; x_wconf 89' lang='lat' dir='ltr'><strong>putet.</strong></span> <span class='ocrx_word' id='word_1_180' title='bbox 894 3413 957 3477; x_wconf 90' lang='lat' dir='ltr'><strong>Pro</strong></span> <span class='ocrx_word' id='word_1_181' title='bbox 981 3418 1067 3478; x_wconf 90' lang='lat' dir='ltr'><strong>certo</strong></span> <span class='ocrx_word' id='word_1_182' title='bbox 1091 3413 1193 3498; x_wconf 86' lang='lat' dir='ltr'><strong>igitur</strong></span> <span class='ocrx_word' id='word_1_183' title='bbox 1216 3412 1264 3475; x_wconf 90' lang='lat' dir='ltr'><strong>af·</strong></span> 
     </span>
     <span class='ocr_line' id='line_1_24' title="bbox 145 3533 1264 3601; baseline 0.001 -2"><span class='ocrx_word' id='word_1_184' title='bbox 145 3535 338 3600; x_wconf 89' lang='lat' dir='ltr'><strong>firmandum</strong></span> <span class='ocrx_word' id='word_1_185' title='bbox 369 3557 435 3598; x_wconf 90' lang='lat' dir='ltr'><strong>esse</strong></span> <span class='ocrx_word' id='word_1_186' title='bbox 459 3533 620 3600; x_wconf 86' lang='lat' dir='ltr'><strong>Ciceronis</strong></span> <span class='ocrx_word' id='word_1_187' title='bbox 644 3536 812 3601; x_wconf 89' lang='lat' dir='ltr'><strong>consilium</strong></span> <span class='ocrx_word' id='word_1_188' title='bbox 835 3537 920 3600; x_wconf 87' lang='lat' dir='ltr'><strong>hisce</strong></span> <span class='ocrx_word' id='word_1_189' title='bbox 944 3538 1049 3601; x_wconf 86' lang='lat' dir='ltr'><strong>verbis</strong></span> <span class='ocrx_word' id='word_1_190' title='bbox 1072 3559 1164 3601; x_wconf 91' lang='lat' dir='ltr'><strong>omne</strong></span> <span class='ocrx_word' id='word_1_191' title='bbox 1188 3559 1264 3601; x_wconf 89' lang='lat' dir='ltr'><strong>cou-</strong></span> 
     </span>
     <span class='ocr_line' id='line_1_25' title="bbox 145 3658 1263 3744; baseline -0.001 -21"><span class='ocrx_word' id='word_1_192' title='bbox 145 3658 261 3724; x_wconf 89' lang='lat' dir='ltr'><strong>tineri:</strong></span> <span class='ocrx_word' id='word_1_193' title='bbox 286 3658 353 3722; x_wconf 81' lang='lat' dir='ltr'><strong>»Ut</strong></span> <span class='ocrx_word' id='word_1_194' title='bbox 377 3679 550 3744; x_wconf 87' lang='lat' dir='ltr'><strong>cognoscas</strong></span> <span class='ocrx_word' id='word_1_195' title='bbox 573 3679 613 3729; x_wconf 90' lang='lat'>&lt;</span> <span class='ocrx_word' id='word_1_196' title='bbox 627 3660 743 3736; x_wconf 77' lang='lat' dir='ltr'><strong>Quinte</strong></span> <span class='ocrx_word' id='word_1_197' title='bbox 767 3659 918 3734; x_wconf 80' lang='lat' dir='ltr'><strong>trater&gt;</strong></span> <span class='ocrx_word' id='word_1_198' title='bbox 941 3683 1022 3743; x_wconf 89' lang='lat' dir='ltr'><strong>quae</strong></span> <span class='ocrx_word' id='word_1_199' title='bbox 1041 3660 1100 3723; x_wconf 87' lang='lat' dir='ltr'><strong>viri</strong></span> <span class='ocrx_word' id='word_1_200' title='bbox 1122 3659 1263 3723; x_wconf 92' lang='lat' dir='ltr'><strong>omnium</strong></span> 
     </span>
     <span class='ocr_line' id='line_1_26' title="bbox 146 3783 1077 3876; baseline -0.001 -28"><span class='ocrx_word' id='word_1_201' title='bbox 146 3783 400 3876; x_wconf 87' lang='lat' dir='ltr'><strong>eloquentissimi</strong></span> <span class='ocrx_word' id='word_1_202' title='bbox 423 3783 581 3846; x_wconf 84' lang='lat' dir='ltr'><strong>senserint</strong></span> <span class='ocrx_word' id='word_1_203' title='bbox 604 3784 641 3847; x_wconf 92' lang='lat' dir='ltr'><strong>de</strong></span> <span class='ocrx_word' id='word_1_204' title='bbox 666 3784 753 3850; x_wconf 89' lang='lat' dir='ltr'><strong>omni</strong></span> <span class='ocrx_word' id='word_1_205' title='bbox 775 3784 901 3848; x_wconf 86' lang='lat' dir='ltr'><strong>ratione</strong></span> <span class='ocrx_word' id='word_1_206' title='bbox 921 3784 1077 3848; x_wconf 89' lang='lat' dir='ltr'><strong>dicendi.”</strong></span> 
     </span>
    </p>

    <p class='ocr_par' dir='ltr' id='par_1_4' title="bbox 146 3906 1264 4116">
     <span class='ocr_line' id='line_1_27' title="bbox 191 3906 1264 3991; baseline -0.001 -20"><span class='ocrx_word' id='word_1_207' title='bbox 191 3907 236 3971; x_wconf 80' lang='lat' dir='ltr'><strong>Ar</strong></span> <span class='ocrx_word' id='word_1_208' title='bbox 257 3906 419 3990; x_wconf 91' lang='lat' dir='ltr'><strong>paulisper</strong></span> <span class='ocrx_word' id='word_1_209' title='bbox 441 3906 623 3985; x_wconf 89' lang='lat' dir='ltr'><strong>recorderis,</strong></span> <span class='ocrx_word' id='word_1_210' title='bbox 643 3907 748 3991; x_wconf 91' lang='lat' dir='ltr'><strong>qualis</strong></span> <span class='ocrx_word' id='word_1_211' title='bbox 759 3908 857 3972; x_wconf 90' lang='lat' dir='ltr'><strong>fuerit</strong></span> <span class='ocrx_word' id='word_1_212' title='bbox 867 3908 989 3972; x_wconf 84' lang='lat' dir='ltr'><strong>indoles</strong></span> <span class='ocrx_word' id='word_1_213' title='bbox 1001 3908 1122 3985; x_wconf 80' lang='lat' dir='ltr'><strong>Quinti,</strong></span> <span class='ocrx_word' id='word_1_214' title='bbox 1133 3909 1264 3991; x_wconf 86' lang='lat' dir='ltr'><strong>jamque</strong></span> 
     </span>
     <span class='ocr_line' id='line_1_28' title="bbox 146 4032 1206 4116; baseline -0.002 -20"><span class='ocrx_word' id='word_1_215' title='bbox 146 4032 314 4116; x_wconf 87' lang='lat' dir='ltr'><strong>apparebit</strong></span> <span class='ocrx_word' id='word_1_216' title='bbox 338 4035 496 4114; x_wconf 89' lang='lat' dir='ltr'><strong>quantum</strong></span> <span class='ocrx_word' id='word_1_217' title='bbox 519 4032 584 4096; x_wconf 90' lang='lat' dir='ltr'><strong>illis</strong></span> <span class='ocrx_word' id='word_1_218' title='bbox 607 4032 731 4096; x_wconf 91' lang='lat' dir='ltr'><strong>dicendi</strong></span> <span class='ocrx_word' id='word_1_219' title='bbox 754 4032 902 4096; x_wconf 89' lang='lat' dir='ltr'><strong>formulis</strong></span> <span class='ocrx_word' id='word_1_220' title='bbox 925 4033 1130 4096; x_wconf 89' lang='lat' dir='ltr'><strong>tribuendum</strong></span> <span class='ocrx_word' id='word_1_221' title='bbox 1155 4033 1206 4095; x_wconf 88' lang='lat' dir='ltr'><strong>sit.</strong></span> 
     </span>
    </p>

    <p class='ocr_par' dir='ltr' id='par_1_5' title="bbox 191 4153 1264 4242">
     <span class='ocr_line' id='line_1_29' title="bbox 191 4153 1264 4242; baseline 0.002 -24"><span class='ocrx_word' id='word_1_222' title='bbox 191 4153 287 4218; x_wconf 89' lang='lat' dir='ltr'><strong>Haud</strong></span> <span class='ocrx_word' id='word_1_223' title='bbox 310 4154 480 4219; x_wconf 90' lang='lat' dir='ltr'><strong>obscurum</strong></span> <span class='ocrx_word' id='word_1_224' title='bbox 502 4159 551 4220; x_wconf 90' lang='lat' dir='ltr'><strong>est</strong></span> <span class='ocrx_word' id='word_1_225' title='bbox 575 4156 727 4231; x_wconf 80' lang='lat' dir='ltr'><strong>Quintum</strong></span> <span class='ocrx_word' id='word_1_226' title='bbox 751 4155 936 4221; x_wconf 86' lang='lat' dir='ltr'><strong>Ciceronem</strong></span> <span class='ocrx_word' id='word_1_227' title='bbox 959 4157 992 4220; x_wconf 90' lang='lat' dir='ltr'><strong>in</strong></span> <span class='ocrx_word' id='word_1_228' title='bbox 1015 4157 1173 4221; x_wconf 92' lang='lat' dir='ltr'><strong>honorum</strong></span> <span class='ocrx_word' id='word_1_229' title='bbox 1192 4157 1264 4242; x_wconf 90' lang='lat' dir='ltr'><strong>qui·</strong></span> 
     </span>
    </p>
   </div>
   <div class='ocr_carea' id='block_1_3' title="bbox 182 4375 560 4495">
    <p class='ocr_par' dir='ltr' id='par_1_6' title="bbox 182 4375 560 4495">
     <span class='ocr_line' id='line_1_30' title="bbox 182 4375 560 4495; baseline 0.005 -20"><span class='ocrx_word' id='word_1_230' title='bbox 182 4375 560 4495; x_wconf 74' lang='lat' dir='ltr'><strong>omqaamaa</strong></span> 
     </span>
    </p>
   </div>
   <div class='ocr_carea' id='block_1_4' title="bbox 0 0 1706 5198">
    <p class='ocr_par' dir='ltr' id='par_1_7' title="bbox 0 0 1706 5198">
     <span class='ocr_line' id='line_1_31' title="bbox 0 0 1706 5198; baseline 0 3"><span class='ocrx_word' id='word_1_231' title='bbox 0 0 1706 5198; x_wconf 95' lang='lat' dir='ltr'><strong> </strong></span> 
     </span>
    </p>
   </div>
  </div>
 </body>
</html>
