3366 5206
666 569 729 643 109

178 786 284 869 Quid?
296 791 381 878 qnod
391 785 534 858 locorum
547 789 645 856 etiam
656 789 868 857 utilitatem—
885 809 982 874 quam
998 782 1059 855 hac
1068 792 1174 858 aetate
1186 810 1250 860 non

134 917 227 1000 pauci
238 916 300 981 viri
311 915 397 981 docti
410 914 509 980 ullam
522 936 589 979 esse
605 918 726 1000 negant
738 951 774 963 —
784 914 832 979 ita
842 913 1009 999 perspicue
1032 917 1190 999 exposuit,
1215 921 1251 983 nt

8 1041 9 1044 ’
134 1060 227 1104 nemo
251 1037 365 1105 melius
401 1038 483 1103 »His
506 1038 609 1124 igitur
630 1038 719 1116 locis,
744 1038 861 1122 inquit,
884 1038 919 1102 in
942 1043 1049 1104 mente
1072 1045 1105 1104 et
1129 1042 1251 1126 cogita·

134 1161 221 1226 tione
244 1160 356 1228 defixis
378 1166 412 1227 et
444 1162 478 1226 in
514 1162 601 1227 omni
632 1183 667 1227 re
693 1162 733 1226 nd
764 1160 931 1227 dicendum
954 1162 1059 1245 posita
1082 1164 1250 1244 excitatis,

135 1283 216 1348 nihil
238 1289 288 1350 est
310 1285 397 1368 qnod
419 1290 578 1352 oratorem
603 1286 743 1372 effugere
766 1288 877 1369 possit,
890 1307 955 1349 nou
980 1285 1073 1351 modo
1097 1286 1129 1351 in
1144 1287 1251 1353 loren-

134 1407 221 1472 sibus
233 1408 528 1492 disceptationibus,
536 1409 591 1474 sed
602 1409 733 1474 omuino
745 1411 778 1475 in
791 1409 858 1473 ullo
869 1428 986 1493 genere
997 1409 1154 1474 dicendi.”
1163 1411 1250 1486 Quae

135 1552 230 1614 quarn
262 1552 335 1596 vere
353 1532 499 1598 dicentur
522 1532 605 1617 ipse,
628 1534 662 1597 ni
695 1531 806 1610 fallor,
834 1532 881 1596 rei
912 1554 986 1596 usus
1010 1532 1111 1601 docet.
1148 1533 1250 1609 Quem

134 1655 218 1719 enim
237 1655 342 1739 juvat,
355 1677 428 1721 cum
451 1656 489 1720 de
512 1654 622 1738 alique
645 1659 817 1720 censeant
840 1655 1006 1720 nobiscum
1029 1678 1182 1740 quaerere
1194 1661 1250 1721 aut

134 1798 239 1841 coram
263 1776 334 1843 aliis
364 1779 526 1864 disputare
562 1778 723 1857 volumus,
748 1782 851 1842 certas
874 1779 1029 1863 quasdam
1052 1780 1192 1845 rationes
1215 1781 1249 1845 in

134 1904 286 1985 promptu
309 1900 449 1980 habere,
472 1923 510 1967 ex
540 1901 657 1987 quibus
689 1902 781 1986 quasi
803 1901 949 1966 fontibus
980 1907 1173 1988 argumenta
1195 1904 1251 1968 de·

134 2043 281 2106 promere
303 2023 470 2106 possimus.
506 2025 625 2090 Totum
653 2026 737 2090 enim
771 2028 828 2090 aut
850 2028 959 2108 partes
989 2030 1047 2091 ant
1068 2047 1171 2111 genus
1194 2033 1250 2094 aut

133 2146 275 2229 species,
297 2150 355 2211 eut
382 2149 545 2212 contraria
575 2151 632 2214 aut
661 2148 888 2233 consequentia
910 2151 971 2213 etc.
996 2148 1096 2213 —hi
1123 2150 1250 2217 enims

134 2270 241 2336 Tullio
272 2271 422 2337 dicuntur
450 2272 514 2337 loci
537 2311 578 2320 —
610 2271 781 2337 dummodo
814 2270 982 2355 paululum
1011 2272 1252 2338 considerentur

134 2415 287 2480 magnum
317 2399 583 2482 argumentorum
606 2396 730 2479 copiam
765 2395 916 2478 praebere
939 2395 1055 2464 solent.
1091 2396 1179 2473 Quae
1202 2396 1251 2462 di·

135 2518 287 2603 sciplina,
323 2541 395 2584 cnm
427 2520 469 2584 sit
504 2518 676 2584 memoriae
710 2517 890 2602 mentisque
918 2518 1167 2598 adminiculum,
1189 2521 1251 2587 hoc

134 2643 313 2709 Aristotele
336 2643 514 2728 sapientius
536 2641 673 2720 Tullius,
686 2641 772 2726 quod
794 2662 858 2706 non
882 2663 1000 2728 magna
1018 2643 1249 2708 sententiarum

135 2767 299 2854 ferragine
340 2774 479 2833 mentem
516 2766 641 2833 onerari
678 2765 789 2851 jubet3
823 2767 968 2830 sufficere
1001 2767 1086 2831 eninr
1132 2789 1250 2852 pancas

135 2893 287 2976 quasdam
311 2893 462 2971 rationes,
487 2890 569 2956 unde
592 2890 797 2975 probationes
819 2893 998 2958 sumantur.
1024 2889 1128 2965 Quare
1152 2891 1249 2957 etiam

135 3015 241 3100 ipsum
265 3015 410 3082 locorum
434 3036 569 3093 nomen,
596 3036 660 3099 quo
683 3012 876 3082 Aristoteles
899 3012 1074 3079 sententias
1096 3012 1170 3079 illas
1193 3036 1251 3101 ge·

134 3139 260 3204 nerales
289 3138 455 3224 appellat,
479 3137 606 3203 Tullius
638 3137 746 3222 potins
774 3136 852 3220 ipsis
886 3136 1065 3202 rationibus
1095 3137 1251 3203 tribuite

135 3261 251 3345 quibus
273 3260 349 3327 illae
379 3260 558 3326 ducuntur:
596 3265 633 3325 ut
667 3258 814 3344 exemplo
843 3281 909 3325 rem
932 3259 1113 3338 illustrem,
1140 3259 1250 3326 Cicero

133 3385 170 3448 in
191 3385 334 3450 locorum
361 3406 495 3450 numero
514 3384 631 3461 habet,
656 3383 846 3468 ›speciem”,
865 3382 1030 3468 »genns'';
1059 3382 1251 3448 Aristoteles

135 3512 271 3587 contra,
315 3508 421 3594 »qnod
459 3509 607 3576 convenit
641 3506 780 3591 speciei,
822 3527 887 3569 non
924 3504 1018 3583 ideo,
1055 3504 1251 3589 generaliter

133 3631 284 3698 convenit
307 3633 450 3719 generi.”

178 3755 292 3822 Altera
316 3759 436 3838 cutem,
460 3778 543 3841 quae
564 3755 671 3822 afferri
696 3759 804 3840 potest
825 3755 920 3833 ratio,
936 3776 992 3820 cur
1006 3753 1145 3839 priorem
1160 3754 1251 3822 illam

131 3878 318 3946 dialecticae
342 3884 468 3966 partem
481 3880 613 3945 minoris
635 3879 784 3945 aestimet
804 3879 925 3959 Cicero,
941 3881 1044 3964 majus
1057 3879 1154 3946 etiarn
1166 3881 1251 3947 inter

131 4004 301 4089 utriusque
315 4005 508 4072 sententiam
520 4003 689 4069 discrimen
698 4003 849 4073 declarat.
864 4002 1003 4068 Videbat
1015 4002 1135 4068 scilicet
1147 4005 1252 4070 varias
1370 3991 1372 3996 ¹

130 4126 398 4212 philosophorum
415 4129 541 4196 scholas
562 4129 661 4194 etiem
678 4132 753 4211 post
766 4126 932 4194 Platonem
948 4129 981 4193 et
997 4125 1204 4192 Aristotelem
1215 4127 1251 4191 in

131 4250 277 4317 doctrina
296 4251 336 4318 de
358 4251 473 4318 divinis
497 4252 711 4337 humanisque
733 4253 841 4332 rebus,
864 4252 903 4317 de
924 4250 1048 4336 origine
1070 4270 1189 4326 rerum,
1209 4249 1247 4314 de

128 4377 246 4444 natura
268 4373 366 4471 hujus
389 4377 624 4462 universitatis,
648 4377 687 4446 de
710 4377 869 4446 bonorum
896 4373 1035 4460 linibus,
1059 4372 1099 4440 de
1121 4372 1189 4442 vita
1211 4394 1250 4454 ac
