3366 5206
682 579 724 650 85

184 800 253 880 Quo
272 804 394 888 quanto
418 797 532 865 melius
556 796 697 864 Crassus.
733 795 795 874 Qui
825 818 897 863 cum
926 796 967 863 ab
998 795 1091 863 initio
1123 795 1257 863 statuis-

141 929 210 990 set:
248 925 361 992 »Nihil
391 946 459 990 esse
482 926 550 988 tam
574 921 733 991 furiosum
761 944 859 1006 quam
888 923 1058 988 verborum
1087 922 1141 987 vel
1175 923 1260 1006 opti·

142 1071 265 1115 morum
294 1053 390 1134 atque
414 1049 688 1116 ornatissimorum
712 1045 854 1110 sonitum
877 1047 1027 1123 inanem,
1064 1046 1154 1110 nulla
1183 1047 1260 1110 sub·

138 1174 223 1257 jecta
261 1173 393 1238 scientia
428 1195 486 1238 neo
519 1173 680 1243 sententia
693 1172 723 1248 ;”
755 1194 957 1256 nequaquam
993 1193 1069 1235 ase
1104 1169 1260 1246 descivit,

139 1318 222 1375 cum,
246 1296 474 1362 commendatis
493 1297 575 1381 juris
597 1296 753 1362 historiae
774 1296 960 1362 litterarum
981 1298 1078 1376 atque
1091 1293 1260 1357 universas

140 1420 315 1504 sapientiae
337 1420 461 1498 studiis,
486 1421 661 1485 affirmaret
687 1420 737 1486 rel
760 1421 899 1485 maxime
924 1417 1051 1482 »locum
1075 1418 1113 1482 de
1137 1418 1204 1482 vita
1226 1422 1259 1482 et

139 1543 281 1609 moribus
305 1547 410 1608 totum
439 1565 507 1609 csse
541 1545 683 1610 oratori’'
714 1544 966 1630 perdiscendum.
1004 1541 1116 1626 Neque
1152 1541 1258 1605 minus

140 1671 351 1732 consentanee
385 1669 418 1732 in
447 1669 543 1733 tertio
567 1670 650 1735 libro
674 1669 815 1734 defendit
847 1665 1063 1750 eloquentiam
1087 1685 1160 1729 cum
1182 1687 1258 1748 pro·

139 1791 243 1857 bitate
262 1793 461 1878 jungendam
485 1815 552 1858 esse
575 1815 762 1877 summaque
786 1789 976 1876 prudentia:
1006 1788 1170 1864 »Quarum
1193 1788 1257 1852 rir-

139 1918 247 1980 tutum
270 1903 466 1999 expertibus,
488 1915 605 2000 inquit,
624 1917 651 1980 si
671 1915 796 1980 dicendi
808 1914 933 1998 copiam
946 1912 1181 1989 tradiderimus,
1192 1933 1257 1978 non

139 2061 191 2102 eos
223 2039 352 2123 quidem
376 2043 520 2105 oratores
551 2039 769 2115 effecerimus,
804 2037 858 2101 sed
889 2035 1071 2102 furentibus
1101 2034 1257 2119 quaedam

138 2184 226 2226 arma
250 2163 460 2230 dederimus.”
495 2162 547 2228 Sic
570 2185 697 2228 omnem
719 2159 998 2245 reprehensionem
1026 2158 1128 2245 fugit3
1159 2135 1256 2242 atque

138 2287 222 2370 quod
241 2287 319 2352 satis
339 2288 541 2372 impudenter
564 2285 701 2372 Gorgias
729 2285 791 2350 sibi
812 2287 992 2370 arrogaret,
1012 2321 1051 2330 -
1086 2281 1256 2373 Blucium

138 2405 293 2498 γἐἰδείης,
312 2391 523 2499 dioeceses,
542 2406 593 2476 ὅτι
604 2403 645 2484 ὦς
657 2409 737 2483 ἔπος
749 2409 870 2490 εἰπεῖν,
887 2401 1018 2480 ἁπάσας
1033 2399 1090 2480 τὰς
1102 2405 1256 2490 δυνάμεις

138 2536 341 2620 συλλαβοῦσα
365 2528 507 2624 ὖφάὖτῇ
530 2534 609 2617 ἔχει.
625 2533 650 2620 ¹)
666 2533 802 2600 -idem
825 2533 893 2617 ipse
916 2530 1068 2597 Scaevola
1087 2529 1155 2614 jam
1167 2528 1255 2594 ultro

137 2663 208 2742 post
239 2657 346 2724 Crassi
377 2659 593 2724 defensionem
616 2657 771 2732 concedit.
806 2657 864 2722 »Id
886 2656 1003 2740 ipsum,
1023 2653 1138 2738 inquit,
1169 2652 1254 2736 quod

137 2786 247 2846 contra
270 2804 321 2847 me
343 2782 471 2848 locutus
493 2805 538 2861 es,
562 2781 698 2847 artificio
721 2780 859 2865 quodam
881 2803 915 2845 es
937 2785 1137 2856 consecutus,
1160 2782 1197 2842 ut
1222 2781 1255 2842 et

137 2903 215 2969 mihi
237 2928 327 2989 quae
351 2928 410 2994 ego
433 2905 566 2986 vellem,
598 2928 662 2972 non
693 2928 761 2971 esse
791 2907 928 2972 oratoris
951 2903 1137 2970 concederes
1160 2907 1193 2968 et
1216 2925 1255 2968 ea

136 3027 204 3112 ipsa
226 3029 334 3096 nescio
357 3031 514 3115 quomodo
537 3053 648 3096 rursus
679 3031 884 3114 detorqueres
907 3031 1004 3112 atque
1027 3027 1149 3092 oratori
1179 3049 1254 3114 pro-

136 3153 205 3235 pria
226 3154 368 3219 traderes
376 3204 455 3220 .....
478 3155 549 3221 'l'ua
572 3159 680 3226 alitem
703 3154 766 3218 fuit
788 3153 892 3218 oratio
915 3153 984 3236 ejus
1008 3151 1105 3228 modi,
1128 3172 1192 3214 non
1218 3153 1253 3213 ut

136 3276 234 3342 ullam
257 3281 359 3343 artem
383 3278 600 3345 doctrinamve
624 3283 854 3356 contemneres,
874 3277 928 3341 sed
945 3279 981 3340 ut
993 3297 1102 3340 omnes
1122 3274 1253 3339 comites

135 3422 172 3466 ac
192 3402 420 3467 mirristrutices
441 3404 578 3469 oratoris
601 3424 669 3468 esse
693 3401 846 3496 diceres.”

180 3523 392 3604 Ostendimus,
408 3547 506 3609 quam
525 3527 605 3592 bene
619 3525 811 3612 respondeat
825 3523 993 3590 altercatio
1007 3520 1156 3587 Crassum
1168 3521 1254 3585 inter

134 3652 168 3713 et
189 3647 375 3715 Scaevolam
398 3650 521 3735 primae
540 3651 589 3717 illi
601 3651 823 3736 disputationi,
836 3671 916 3733 quae
928 3649 961 3712 in
974 3645 1098 3732 Gorgia
1110 3645 1255 3710 contine·

134 3777 196 3840 tur.
221 3773 335 3857 Neque
357 3775 391 3839 in
411 3773 543 3860 reliquis
565 3775 662 3858 hujus
686 3774 807 3860 dialogi
831 3772 989 3858 partibus,
1014 3769 1161 3854 quamvis
1184 3791 1253 3833 ma-

132 3895 252 3960 ximam
274 3899 401 3981 partem
423 3898 457 3962 in
481 3896 649 3963 subtiliore
672 3895 851 3962 honestatis
874 3894 1103 3980 disceptatione
1121 3914 1253 3958 versen-

132 4023 198 4097 tur,
221 4019 336 4084 desunt
359 4020 434 4100 loci,
457 4022 512 4106 qui
530 4020 692 4087 Ciceronis
705 4020 804 4086 menti
820 4019 981 4086 obversati
994 4040 1061 4083 esse
1074 4016 1252 4081 videantur.

131 4143 250 4208 Statim
273 4145 314 4209 ab
336 4143 430 4210 initio
453 4144 586 4210 alterius
610 4144 776 4224 sermonis,
796 4145 867 4211 Poli
886 4150 919 4211 et
936 4142 1088 4221 Socratis,
1106 4147 1253 4206 movetur

131 4314 296 4327 -

168 4410 710 4484 quma-mmrmq
