3404 5198
731 602 773 669 37

185 837 391 900 quocumque
414 816 453 880 de
474 837 601 901 genere,
625 817 657 880 id
680 820 798 896 orator,
817 818 843 882 si
863 822 1028 903 tamquam
1042 818 1167 884 clientis
1180 819 1308 886 causam
1391 875 1392 879 ,

185 940 355 1018 didicerit,
386 940 470 1005 dicet
498 941 612 1006 melius
634 946 668 1007 et
693 943 838 1007 ornatius
862 967 958 1028 quam
988 946 1056 1028 ipse
1084 944 1139 1009 ille
1171 947 1238 1029 ejus
1261 947 1306 1010 rei

185 1064 339 1130 inventor
361 1069 456 1148 atque
480 1065 628 1130 artifex.''

236 1188 329 1266 Tum,
354 1192 487 1253 utente
511 1195 643 1274 occupet
669 1190 753 1275 quod
781 1192 867 1256 videt
895 1194 1033 1278 opponi:
1057 1215 1124 1258 esse
1153 1195 1308 1278 quasdam

188 1317 356 1378 oratorum
379 1314 524 1398 proprias
547 1316 722 1380 sententias
745 1321 843 1400 atque
866 1340 999 1395 causas,
1027 1318 1160 1403 ideoque
1184 1324 1216 1383 et
1238 1341 1308 1384 cer-

189 1441 300 1502 tarum
321 1461 425 1503 rerum
438 1439 619 1504 forensibus
629 1440 778 1505 cancellis
790 1441 1062 1526 circumscriptam
1075 1443 1239 1507 scientiam
1248 1467 1256 1518 3
1266 1484 1308 1492 -

189 1561 253 1627 ›In
277 1562 326 1628 his
348 1564 426 1648 ipsis
450 1565 553 1641 rebuS,
576 1565 692 1648 inquit,
717 1565 876 1649 permulta
893 1570 976 1643 sunt,
994 1589 1075 1651 quae
1092 1568 1148 1631 isti
1160 1569 1307 1654 magistri

189 1687 249 1771 qui
280 1687 432 1752 rhetorici
458 1691 614 1752 vocantur
641 1711 700 1752 nec
728 1689 860 1754 tradunt
894 1712 953 1754 uec
982 1691 1124 1756 tenent’'.
1162 1691 1307 1757 Oratoris

189 1810 277 1874 enim
300 1832 366 1875 esse
390 1811 512 1876 animos
536 1811 701 1876 hominum
721 1835 860 1878 movere:
879 1815 1039 1878 neminem
1052 1816 1152 1900 igitur
1164 1817 1307 1894 dicende,

187 1933 276 2018 quod
299 1933 378 1998 velit
400 1935 552 2017 perficere
575 1957 676 2018 posse,
696 1936 757 1999 nisi
775 1937 830 2020 qui
850 1941 980 2002 naturas
1000 1938 1166 2004 hominum
1180 1941 1307 2024 vimque

187 2079 316 2124 omnem
339 2057 551 2123 humanitatis
574 2081 747 2144 causasque
771 2082 838 2136 ear,
862 2061 978 2144 quibus
1001 2066 1122 2127 mentes
1148 2068 1204 2128 aut
1227 2065 1307 2128 inci-

186 2185 300 2246 tentur
322 2187 379 2247 aut
402 2183 608 2248 reflectantur
630 2183 759 2268 penitus
783 2185 990 2269 perspexerit.
1021 2225 1062 2234 -
1085 2187 1175 2251 Juris
1199 2193 1307 2252 autem

187 2309 223 2371 et
246 2305 355 2393 legum
379 2311 411 2372 et
433 2307 479 2372 rei
503 2306 653 2372 militaris
676 2312 709 2373 et
728 2308 934 2393 physicorum
955 2314 987 2374 et
1008 2310 1307 2376 mathematicorum

186 2429 323 2496 scientia
348 2435 547 2516 quantopere
569 2430 603 2496 in
627 2431 697 2496 foro
731 2432 801 2497 usui
820 2433 872 2510 sit,
905 2432 1058 2517 exemplis
1083 2435 1186 2521 magis
1209 2458 1307 2520 quam

186 2556 386 2636 argumentis
398 2557 607 2621 demonstrat.
632 2555 891 2621 concludendum
906 2555 1020 2642 igitur:
1036 2559 1084 2622 »si
1096 2559 1168 2642 quis
1179 2559 1307 2623 univer-

186 2701 258 2743 sam
277 2684 309 2744 et
332 2680 494 2765 propriam
507 2681 643 2746 oratoris
656 2681 721 2745 vim
733 2680 864 2746 definire
884 2679 963 2759 vult,
985 2681 1012 2745 is
1031 2686 1139 2747 orator
1162 2683 1224 2747 erit
1237 2706 1307 2748 mea

185 2805 348 2876 sententia
371 2804 432 2870 hoc
455 2809 522 2870 tam
544 2804 635 2892 gravi
659 2804 776 2890 dignus
795 2804 933 2882 nomine,
953 2805 1009 2889 qui
1025 2827 1243 2891 quaecumque
1257 2829 1306 2871 res

184 2927 334 2993 inciderit
356 2952 438 3013 quae
461 2930 504 2994 sit
528 2929 664 2994 dictione
689 2929 887 3013 explicanda,
900 2930 1074 3014 prudenter
1087 2934 1119 2994 et
1130 2932 1306 3014 composite

185 3056 220 3117 et
253 3055 366 3118 ornate
395 3057 427 3117 et
452 3052 635 3117 memoriter
665 3052 751 3117 dicat
782 3074 855 3117 cum
886 3053 1024 3137 quadam
1049 3054 1183 3120 actionis
1207 3055 1304 3119 etiam

187 3176 380 3263 dignitate.’'

230 3299 345 3384 Neque
368 3304 474 3366 tamen
498 3299 627 3366 omnino
651 3301 762 3384 exigit,
785 3305 822 3365 ut
845 3302 948 3366 omnis
972 3305 1082 3366 orator
1099 3303 1239 3367 omnium
1255 3326 1306 3368 re-

186 3447 258 3488 rum
271 3424 436 3489 scientiam
449 3425 665 3509 perseipsum
679 3429 796 3490 teneat.
809 3426 841 3491 N
843 3449 894 3491 am
900 3426 980 3491 illud
988 3427 1105 3491 iterum
1118 3429 1303 3494 confirmat:

184 3547 314 3614 etiamsi
344 3570 425 3632 quae
447 3549 562 3614 ceteris
584 3549 617 3614 in
642 3549 765 3614 artibus
788 3555 846 3614 aut
868 3547 981 3615 studiis
1004 3551 1066 3615 sita
1096 3555 1172 3615 suut
1196 3557 1305 3618 orator

184 3673 328 3757 ignoret,
348 3675 455 3738 tamen
468 3673 517 3738 his
533 3675 571 3738 de
588 3675 682 3739 rebus
701 3674 789 3758 ipsis,
806 3715 837 3722 —
858 3697 929 3738 cum
946 3675 1133 3760 cognoverit
1146 3676 1186 3739 ab
1199 3677 1237 3741 iis
1251 3678 1305 3760 qui

185 3798 309 3873 tenent,
333 3818 414 3880 quae
437 3797 502 3862 sint
522 3797 555 3862 in
580 3820 705 3883 quaque
722 3819 755 3862 re
778 3835 816 3846 -
832 3796 934 3862 multo
958 3796 1072 3862 melius
1096 3821 1191 3882 quam
1216 3800 1302 3884 ipsos

184 3917 268 3994 ilios,
291 3939 428 4002 quorum
456 3942 511 3984 eae
538 3921 604 3984 sint
626 3925 721 3997 artes,
745 3943 813 3985 esse
842 3923 1011 3986 dicturum.
1038 3921 1145 4006 Atque
1169 3944 1208 3987 ex
1232 3924 1304 4008 ipsa

186 4040 390 4126 philosophia
418 4043 495 4108 duas
528 4049 633 4127 partes
664 4045 757 4110 facile
788 4044 927 4130 largitur
955 4045 1121 4110 hominum
1148 4044 1305 4125 inertiae;

188 4165 359 4230 dummodo
383 4189 419 4230 ea
443 4189 527 4250 pars,
553 4189 635 4251 quae
658 4172 706 4232 est
729 4169 767 4233 de
791 4169 857 4233 vita
881 4191 918 4232 ac
941 4169 1092 4248 moribus,
1116 4171 1303 4241 retineatur.

192 4286 311 4361 »Quam
322 4290 461 4372 quidem,
473 4291 589 4375 inquit,
603 4291 662 4355 nisi
672 4292 860 4369 tenebimus
873 4291 955 4356 nihil
967 4295 1086 4358 oratori
1099 4296 1131 4358 in
1145 4318 1307 4382 quomag-

191 4430 251 4476 nus
273 4433 342 4477 esse
365 4414 467 4496 possit
491 4413 732 4498 relinquimus.’'
757 4453 798 4464 -
822 4415 912 4490 Quod
936 4439 1011 4482 sane
1034 4419 1221 4486 rectissime.
1246 4420 1307 4495 Qui
