3366 5206
966 574 1010 645 94

473 789 625 878 Sequitur
646 793 803 879 quaestio,
826 817 882 858 cur
902 795 1072 859 verborum
1091 794 1287 860 concertatio
1305 753 1546 878 et'disceptatio

429 942 494 984 non
518 925 592 983 ante
617 920 736 1002 scripto
759 919 924 983 elaborata
945 922 1109 1002 praestent
1131 919 1280 983 omuibus
1303 919 1434 1002 scriptis
1457 918 1547 982 libris

430 1047 462 1107 et
494 1043 691 1108 orationibus
722 1043 760 1107 de
788 1043 907 1126 scripto
933 1042 1052 1106 allatis.
1084 1041 1276 1108 Conceditur
1306 1065 1399 1128 posse
1430 1042 1548 1126 scripta

429 1187 600 1252 procurare
636 1166 859 1251 dignissimum
888 1167 997 1230 auimo
1024 1165 1315 1243 oblectamentum,
1350 1187 1418 1230 esse
1450 1166 1547 1230 etiam

429 1289 570 1353 subsidia
592 1288 746 1372 quaedam
770 1289 992 1354 reminiscendi
1008 1313 1057 1367 ea,
1068 1310 1150 1372 quae
1166 1291 1234 1374 jam
1250 1289 1471 1363 didicerimus3
1484 1310 1548 1353 uon

429 1413 538 1498 magni
562 1423 668 1477 tamen
692 1434 729 1476 ea
752 1434 820 1477 esse
848 1413 963 1498 pretii;
999 1418 1125 1478 tantum
1156 1413 1266 1477 abesse
1297 1416 1334 1476 ut
1362 1411 1549 1476 memoriam
1672 1413 1673 1418 ’

428 1541 578 1622 augeant,
605 1541 641 1601 ut
664 1539 771 1622 potius
794 1559 863 1602 eam
887 1543 1084 1621 pervertant
1120 1537 1233 1602 Libros
1255 1535 1440 1620 legentibus
1464 1533 1548 1598 mul-

360 1667 365 1680 '
428 1666 479 1726 tas
514 1661 642 1745 quidem
677 1661 821 1725 conferre
855 1661 1020 1746 opiniones
1054 1683 1170 1744 eosque
1206 1663 1239 1724 et
1274 1657 1481 1745 πολυηκόους
1517 1661 1549 1722 et

429 1784 632 1870 δοξοσόφους,
657 1789 690 1848 et
707 1788 875 1869 propterea
893 1787 1132 1851 molestissimos
1153 1785 1290 1860 efficere,
1309 1783 1364 1847 sed
1380 1782 1420 1848 ad
1441 1804 1548 1846 veram

428 1929 535 1972 rerum
562 1908 740 1972 doctrinam
762 1909 948 1974 trudendam
971 1909 1053 1974 nihil
1076 1908 1203 1974 valere:
1240 1929 1312 1972 cunr
1336 1906 1421 1970 idem
1445 1905 1548 1971 omni·

429 2031 503 2109 bus,
544 2031 645 2095 doctis
678 2032 892 2118 indoctisque,
927 2033 1035 2098 dicant
1065 2054 1168 2116 neque
1202 2037 1313 2097 contra
1336 2029 1547 2113 obloquentes

429 2177 463 2221 se
485 2156 569 2220 tueri
590 2155 726 2238 possint.

472 2279 600 2365 ltaque,
623 2280 680 2363 qui
702 2280 863 2346 orationes
890 2286 947 2344 aut
970 2281 1058 2367 leges
1081 2283 1138 2344 aut
1161 2283 1308 2364 poemata
1330 2277 1547 2352 conscribant,
1672 2311 1673 2330 r

427 2427 487 2469 nee
507 2404 630 2489 possint
652 2403 887 2488 praestantiora
906 2404 1056 2489 proferre,
1079 2425 1134 2480 ¹eos
1157 2424 1198 2468 ne
1221 2404 1338 2487 pudeat
1362 2423 1477 2486 parum
1489 2399 1548 2464 ho·

427 2528 560 2593 notifico
585 2527 712 2592 nomine
732 2527 942 2615 συγγραφέων
954 2533 987 2593 et
1003 2528 1218 2615 νομογριίφων
1234 2525 1405 2611 appellari:
1430 2524 1481 2589 sin
1492 2545 1550 2594 ue·
1672 2521 1673 2528 ³

429 2652 536 2717 ritatis
557 2650 673 2715 conscii
697 2651 754 2716 illa
776 2653 1015 2737 composuerint
1046 2653 1233 2738 possintque
1257 2673 1315 2715 sua
1338 2650 1470 2733 scripta,
1494 2648 1551 2712 ubi
1672 2699 1673 2728 ,

427 2776 462 2840 in
481 2775 742 2858 disceptationem
772 2775 958 2855 trahantur,
982 2798 1037 2841 ore
1059 2776 1249 2853 defendere,
1272 2774 1387 2860 dignos
1409 2773 1550 2847 futuros,
1672 2797 1673 2824 r

427 2899 483 2983 qui
505 2898 681 2982 sapientiae
703 2899 836 2965 studiosi
860 2901 927 2966 sive
948 2899 1132 2985 philosophi
1155 2899 1370 2965 nominentur.
1394 2894 1548 2982 Augura—

426 3027 481 3087 tur
504 3021 650 3086 Socrates
674 3020 846 3089 Isocratem
870 3025 974 3090 adhuc
994 3025 1144 3110 juvenem
1165 3023 1263 3088 idem
1288 3019 1461 3106 aliquando
1492 3018 1547 3081 fu·

406 3153 536 3234 ¹turum
561 3152 730 3225 oratorem,
754 3149 809 3231 qui
832 3129 1007 3232 sapientiae
1033 3149 1140 3214 studio
1164 3147 1309 3213 excellat.

470 3271 543 3336 Jam
566 3271 642 3354 quid
665 3271 777 3336 Cicero
800 3296 838 3337 ex
860 3274 917 3338 illa
939 3273 1159 3358 disputatione
1182 3273 1215 3338 in
1238 3293 1331 3338 suum
1355 3291 1448 3333 usum
1469 3287 1546 3331 oon-
1672 3273 1673 3286 ¹

426 3395 545 3460 vertit?
575 3393 720 3460 Occurrit
743 3398 851 3462 statim
877 3397 1050 3464 Scaevolae
1076 3398 1156 3463 illud
1180 3419 1258 3462 »cur
1281 3417 1344 3460 uon
1368 3392 1545 3466 imitamur,
1672 3379 1673 3390 ³

424 3517 549 3596 Crasse,
565 3517 728 3582 Socratem
751 3518 853 3597 illurn,
878 3522 935 3605 qui
958 3527 1006 3587 est
1026 3522 1061 3586 in
1085 3522 1230 3586 Phaedro
1252 3519 1397 3584 Platonis
1409 3517 1445 3581 ?''
1470 3516 1543 3600 qui-

426 3641 484 3706 bus
517 3641 620 3706 verbis
655 3641 862 3708 admonemur
893 3644 956 3708 loci
990 3644 1229 3729 discriptionem
1259 3643 1380 3708 imitari
1414 3663 1544 3706 scenam
1672 3701 1673 3706 ,

422 3766 679 3831 amoenissimam
702 3767 857 3833 sermonis
878 3769 967 3834 illius
990 3768 1148 3833 Platonici
1181 3767 1286 3833 »Nam
1309 3789 1361 3831 me
1383 3766 1462 3831 haec
1483 3769 1544 3833 ¹tua

422 3888 575 3974 platonus
597 3891 782 3956 admonuit'’
797 3893 897 3957 -ita
920 3893 1028 3979 pergit
1043 3931 1082 3942 —
1096 3914 1198 3977 »quae
1217 3915 1281 3958 non
1294 3892 1400 3956 minus
1411 3892 1451 3956 ad
1464 3913 1543 3976 opa-
1672 3891 1673 3894 '

421 4012 559 4076 ‘candum
582 4013 668 4079 huuc
688 4007 796 4082 locum
815 4015 935 4102 patulis
951 4020 999 4081 est
1011 4016 1126 4081 diffusa
1137 4017 1245 4095 ramis,
1262 4039 1359 4102 quam
1377 4016 1434 4081 illa
1449 4017 1545 4101 cujus

422 4135 570 4200 umbram
596 4141 722 4203 secutus
753 4142 785 4203 et
808 4137 980 4217 Socrates,
1010 4161 1093 4222 quae
1126 4141 1206 4206 mihi
1237 4141 1363 4207 videtur
1386 4164 1451 4207 non
1474 4145 1546 4207 tam

422 4257 492 4342 ipsa
510 4260 630 4344 aquula
653 4283 736 4345 quae
749 4261 937 4328 describitur
947 4285 1045 4347 quam
1058 4263 1201 4332 Platonis
1218 4265 1362 4332 oratione
1374 4268 1547 4335 crevisse'’.
1672 4339 1673 4348 ,

422 4379 605 4452 Revocatur
615 4384 760 4454 Platonis
783 4389 949 4464 πλάτανος
970 4387 1048 4480 μάλ’
1074 4384 1266 4485 ἀμφιλαφής
1292 4416 1329 4460 se
1351 4391 1406 4462 καὶ
1431 4388 1553 4492 ὕψηλή
