3404 5198
935 577 1019 643 ’58

438 791 586 866 sumus;”
615 790 641 883 ¹)
658 791 860 877 multumque
871 792 991 859 ibidem
1013 793 1157 878 disputat
1178 791 1212 859 in
1234 791 1319 858 hanc
1342 789 1555 858 sententiam:

438 916 667 1000 cogitationem
700 917 1068 1003 contemplationemque
1100 939 1209 982 rerum
1239 922 1375 984 naturae
1408 938 1554 982 mancam

436 1037 670 1121 quodammodo
703 1043 802 1124 atque
828 1038 1011 1106 inchoatam
1043 1063 1129 1118 esse,
1158 1040 1186 1106 si
1215 1039 1306 1106 nulla
1336 1040 1419 1106 actio
1442 1061 1554 1104 conso-

435 1163 574 1243 qoatur:
597 1162 757 1228 actionem
780 1167 975 1229 autemeam
993 1166 1027 1230 in
1045 1165 1213 1230 hominum
1232 1163 1406 1228 commodis
1425 1163 1553 1228 tuendis

437 1276 576 1349 maxime
598 1287 700 1361 cerni;
723 1287 808 1353 hauc
829 1288 930 1374 igitur
944 1288 1173 1375 cognitionem,
1196 1309 1279 1372 quae
1302 1288 1343 1352 ad
1365 1287 1552 1352 societatem

436 1407 564 1492 generis
589 1408 723 1474 humani
750 1412 922 1494 pertineat,
947 1412 1060 1478 ceteris
1090 1411 1347 1496 anteponendam
1373 1432 1452 1476 csse.
1478 1410 1552 1476 Ideo

436 1529 616 1615 deploravit
649 1533 823 1600 absurdum
855 1535 934 1600 illud
958 1536 1126 1601 discidium
1153 1533 1286 1623 linguae
1308 1537 1408 1616 atque
1431 1532 1551 1608 eordis;

435 1653 508 1720 ideo
549 1659 743 1739 conquestus
781 1663 832 1722 est
875 1660 1075 1744 separatione
1126 1659 1267 1744 partium
1313 1656 1551 1742 magnitudines

435 1777 554 1842 artium
592 1800 660 1843 esse
698 1780 887 1846 deminutus.
929 1783 1087 1849 Censebat
1126 1783 1221 1849 enim.
1247 1780 1390 1846 omnium
1432 1779 1550 1844 artium

435 1903 467 1965 et
501 1901 740 1986 disciplinarum
775 1906 947 1971 maximam
975 1927 1043 1970 esse
1076 1906 1290 1990 dignitatem,
1323 1903 1380 1969 ubi
1415 1904 1551 1968 oratoris

435 2025 505 2088 voci
539 2025 767 2094 subserviendo
790 2030 830 2094 ad
854 2030 1020 2095 hominum
1053 2029 1227 2094 utilitatem
1254 2029 1453 2102 conferrent;
1484 2027 1549 2092 elo·

436 2149 586 2231 quentiae
605 2150 690 2234 jure,
716 2155 926 2238 amajoribua
948 2177 1017 2218 osse
1039 2154 1074 2218 in
1097 2157 1174 2237 toga
1196 2150 1364 2236 dignitatis
1388 2150 1551 2235 principa·

435 2275 504 2336 tum
527 2274 638 2339 datum
653 2299 661 2352 3
684 2298 788 2362 neque
810 2278 981 2362 quicquam
999 2275 1058 2341 illa
1076 2297 1166 2340 »esse
1181 2272 1408 2359 praestabilius
1426 2273 1478 2338 vel
1495 2273 1550 2338 ad-

436 2395 605 2463 miratione
616 2399 814 2467 audientiam
828 2401 878 2467 vel
886 2424 944 2487 spo
954 2398 1168 2485 indigentium
1177 2397 1354 2474 volentum,
1362 2397 1420 2482 qui
1431 2397 1552 2462 defensi

436 2524 543 2584 essent
565 2522 704 2607 gratia.”
718 2524 745 2606 2)

479 2641 640 2726 llxpertus
668 2645 786 2730 quippe
813 2650 958 2726 noverat,
988 2648 1028 2712 ad
1050 2643 1275 2731 capessendam
1298 2667 1366 2710 rem
1388 2643 1550 2729 publicam

434 2764 516 2829 nihil
539 2770 666 2831 tantum
690 2767 794 2834 valere
817 2775 974 2856 quantum
991 2771 1128 2836 oratoris
1144 2768 1299 2844 facultas;
1323 2790 1382 2834 neo
1391 2770 1547 2833 rectorem

433 2889 480 2953 rei
509 2889 655 2973 publicae
678 2891 807 2957 volebat
832 2893 957 2974 ullum,
990 2896 1053 2961 nisi
1079 2895 1135 2980 qui
1161 2896 1246 2959 esset
1272 2894 1322 2957 vir
1350 2914 1494 2958 summus
1516 2893 1549 2956 et

434 3012 656 3094 doctissimus,
679 3015 825 3102 idemque
854 3024 888 3084 et
913 3021 1041 3106 sapiens
1070 3028 1103 3083 et
1122 3019 1230 3103 justus
1253 3020 1287 3082 ot
1309 3021 1493 3101 temperans
1516 3021 1548 3081 et
1676 3041 1677 3100 ς

433 3134 596 3220 eloquens.
630 3137 717 3204 Haeo
750 3142 836 3207 enim
869 3144 922 3209 »in
949 3144 1065 3208 Politia
1087 3142 1166 3207 sua'’
1196 3140 1361 3225 scripsisse
1390 3139 1503 3205 femur.
1523 3143 1548 3225 ⁸)

433 3259 619 3345 Prospiccre
642 3268 750 3329 autem
773 3267 820 3330 rei
841 3268 987 3351 publicae
1009 3266 1216 3352 omniumque
1235 3264 1353 3331 civium
1379 3263 1496 3343 saluti,
1520 3264 1548 3329 ei

432 3404 558 3467 semper
579 3386 682 3450 visum
706 3393 753 3453 est
775 3391 919 3456 omnium
931 3393 1108 3458 officiorum
1120 3388 1440 3476 praestantissimum.
1463 3389 1548 3454 ›Ne-

431 3529 494 3592 que
511 3507 618 3572 enim”
637 3514 686 3574 est
705 3510 772 3576 ulla
795 3534 855 3591 res,
878 3516 926 3579 ait
948 3538 1020 3581 vere
1042 3514 1099 3580 ille
1122 3515 1299 3590 Romanus,
1323 3512 1378 3578 »in
1395 3535 1460 3598 qua
1475 3535 1548 3598 pro·

431 3631 504 3715 pius
526 3632 565 3696 ad
587 3633 718 3699 deorum
741 3657 858 3703 nomen
881 3639 983 3705 virtus
1009 3639 1139 3705 accedat
1169 3639 1328 3716 humana,
1351 3661 1449 3723 quam
1472 3637 1548 3703 civi-

431 3759 516 3822 tates
543 3762 600 3822 aut
626 3760 761 3826 condere
781 3784 881 3828 novas
903 3767 962 3828 aut
982 3786 1168 3829 conservare
1186 3763 1256 3848 jam
1280 3761 1456 3827 conditas.”
1480 3762 1505 3848 ⁴)

475 3880 557 3957 Quid
581 3886 684 3969 ergo?
707 3883 800 3950 Itane
820 3888 996 3970 perfectam
1020 3887 1158 3950 oratoris
1185 3887 1324 3971 speciem
1347 3885 1436 3951 hisce
1459 3883 1548 3950 libris

430 4044 591 4053 ..μ-.-

465 4128 493 4197 1)
511 4129 551 4184 Do
569 4129 620 4184 Off.
639 4131 658 4186 1.
679 4134 739 4186 153.
757 4150 814 4202 sqq.

466 4221 492 4281 2)
510 4217 576 4272 lbid.
595 4218 626 4273 ll.
647 4223 690 4274 66.

465 4309 494 4372 3)
513 4307 573 4361 Vid.
592 4308 626 4360 do
644 4307 711 4377 llep.
730 4310 740 4360 l
766 4308 810 4362 Vl.
830 4312 855 4363 1.
876 4311 921 4374 (ed
949 4311 1040 4366 Baiter
1057 4317 1085 4367 et
1103 4311 1203 4378 Halm.)

467 4394 494 4460 l)
513 4394 552 4449 Dc
571 4394 638 4464 Rep.
657 4397 676 4449 l.
695 4395 715 4450 l.
735 4399 778 4450 lt.
