3366 5206
968 593 1010 658 68

428 807 468 874 ad
491 829 600 873 eorum
625 827 722 891 opera
744 805 935 871 conferenda
958 805 1169 892 aggrediaris,
1192 805 1249 891 qui
1268 803 1553 870 maximediversis

427 931 589 996 aetatibus
612 935 670 996 aut
693 929 880 1016 regionibus
903 929 1089 994 floruerint:
1113 928 1188 994 illos
1211 949 1349 1014 quoque,
1372 927 1553 1013 quosinter

427 1077 496 1120 sese
519 1077 582 1118 non
607 1055 734 1118 novisse
757 1057 900 1131 constet,
924 1053 958 1117 in
982 1053 1093 1118 multis
1116 1053 1286 1118 convenire
1309 1052 1458 1136 reperies.

471 1179 584 1265 Neque
609 1178 763 1262 estquod
786 1178 956 1252 miremur3
979 1179 1057 1241 sunt
1088 1176 1173 1240 enirn
1207 1175 1311 1242 multe
1344 1176 1378 1239 in
1413 1173 1553 1240 historia

428 1306 519 1389 gesta
542 1302 700 1386 dictaque,
723 1301 761 1365 de
785 1300 1008 1386 quibuslonge
1031 1322 1088 1385 per
1111 1299 1221 1365 orbem
1232 1298 1319 1364 fama
1330 1297 1552 1384 percrebruit;

426 1425 529 1490 multa
552 1429 629 1490 sunt
647 1428 796 1490 aeternae
820 1422 900 1508 legis
922 1427 1106 1509 praecepte,
1130 1420 1234 1487 multa
1256 1423 1290 1488 in
1314 1443 1420 1488 rerum
1432 1425 1553 1488 natura

427 1550 603 1628 observata,
629 1570 712 1631 quae
734 1549 893 1626 omnibus,
917 1551 1034 1612 natura
1045 1546 1213 1634 magistra,
1225 1547 1450 1626 innotescunt;
1466 1545 1553 1612 mul·

427 1677 479 1737 tae
502 1673 601 1737 etiam
624 1693 686 1751 res,
710 1695 791 1757 quae
814 1673 846 1736 in
872 1671 933 1736 hac
955 1671 1166 1736 universitate
1177 1670 1310 1746 auribus
1322 1669 1466 1736 oculisve
1477 1692 1552 1756 per-

427 1796 602 1881 cipiuntur,
626 1796 717 1880 quasi
740 1819 798 1861 sua
820 1801 936 1882 sponte
947 1819 1016 1862 sese
1033 1797 1179 1876 offerunt
1202 1799 1367 1882 tamquam
1391 1794 1551 1880 imagines

428 1923 460 1984 et
479 1919 601 2007 figuras
623 1924 693 1984 tum
716 1921 815 1986 animi
836 1925 993 1998 motuum,
1016 1941 1097 2005 quos
1120 1919 1304 2004 experimur
1327 1939 1456 1996 omnae,
1479 1922 1551 1982 tum

427 2043 564 2108 aliarum
586 2066 693 2109 rerum
718 2066 738 2109 a
760 2044 905 2110 sensibus
927 2048 1140 2122 remotarum,
1164 2065 1244 2129 quas
1274 2042 1406 2108 dicendo
1441 2043 1551 2126 expri-

428 2189 514 2232 mere
537 2166 694 2232 volumus.
717 2166 765 2232 Ut
787 2167 923 2231 arduum
946 2171 1005 2245 est,
1026 2205 1066 2216 —-
1086 2167 1211 2232 namde
1232 2166 1335 2251 poetis
1349 2165 1551 2232 oratoribus·

427 2311 490 2374 que
512 2289 595 2354 nihil
617 2290 721 2354 dicam
747 2328 787 2340 -
811 2289 850 2354 de
872 2288 1099 2355 historicorum
1123 2290 1315 2376 cognatione
1345 2293 1432 2356 recte
1459 2289 1550 2374 judi-

428 2413 517 2476 care!
541 2411 687 2496 Litigant
715 2410 776 2474 viri
806 2410 910 2489 docti,
941 2415 977 2476 ut
1008 2411 1154 2496 exemplo
1185 2415 1260 2478 utar
1289 2415 1477 2493 notissimo,
1510 2414 1550 2479 de

427 2535 596 2600 sententiis
621 2534 779 2618 rebusque
801 2535 901 2619 gestis
925 2534 1047 2600 Galbae
1072 2539 1105 2600 et
1129 2534 1278 2614 Othonis,
1301 2561 1384 2623 quae
1403 2537 1551 2603 a'llacito

427 2662 460 2722 et
482 2656 658 2722 Plutarcho
681 2656 838 2723 subsimili
852 2657 946 2723 modo
969 2660 1171 2724 referuntur:
1186 2663 1258 2724 uter
1269 2659 1311 2725 ab
1322 2660 1425 2726 altero
1437 2681 1551 2744 sump-

427 2781 516 2858 serit,
539 2803 580 2846 an
604 2781 711 2864 potius
736 2785 871 2868 uterque
893 2805 932 2847 ex
957 2781 1089 2868 vulgata
1112 2783 1295 2868 aequalium
1307 2784 1457 2869 opinione
1468 2783 1552 2848 hau-

428 2904 514 2969 serit.
541 2903 632 2979 Quod
654 2909 762 2970 autem
787 2905 821 2969 in
844 2906 932 2971 omni
955 2906 1138 2970 litterarum
1162 2927 1262 2992 regno
1289 2905 1399 2972 sedulo
1433 2929 1551 2973 caven-

427 3026 501 3090 dum
526 3030 586 3106 est,
602 3049 641 3092 ne
654 3028 766 3092 statim
788 3032 919 3114 propter
931 3029 1056 3114 aliquas
1069 3021 1263 3118 ὁμοιότητας
1274 3033 1456 3103 statuamus
1468 3031 1549 3096 duos

429 3150 603 3234 scriptores
625 3150 710 3215 inter
734 3174 802 3216 sese
825 3153 1019 3238 dependere,
1042 3153 1075 3217 id
1098 3152 1150 3218 vel
1173 3153 1312 3219 maxime
1333 3153 1369 3218 in
1401 3152 1464 3218 hac
1499 3176 1549 3219 re·

429 3275 537 3362 gione,
560 3275 594 3340 in
619 3297 683 3360 qua
707 3276 801 3342 modo
825 3298 999 3354 versamur,
1023 3280 1072 3340 est
1095 3277 1276 3354 vitandum
1311 3299 1466 3363 magnum
1501 3281 1549 3342 est
1676 3327 1677 3354 p

429 3399 513 3464 enim
536 3399 705 3465 aberrandi
728 3399 918 3484 periculum,
941 3400 997 3464 ubi
1017 3400 1056 3464 de
1078 3399 1136 3465 illa
1148 3401 1341 3488 cognatione
1353 3401 1473 3487 agitur,
1486 3423 1550 3486 qua

429 3523 570 3608 plurium
593 3523 824 3606 disputationes
848 3523 886 3588 de
908 3527 978 3588 arte
1002 3523 1139 3607 quadam
1162 3527 1220 3588 aut
1238 3525 1394 3591 facultate
1405 3525 1548 3590 humana

428 3647 513 3712 inter
536 3668 569 3711 se
592 3645 794 3711 cohaereant.
819 3646 890 3722 Quo
913 3647 1016 3734 magis
1037 3647 1123 3712 enim
1146 3651 1231 3713 artes
1254 3648 1295 3713 ab
1328 3649 1399 3735 ipsa
1431 3654 1548 3714 natura
1676 3705 1677 3712 ,

429 3776 503 3838 sunt
527 3775 615 3837 ortae
639 3775 672 3848 et
695 3775 811 3836 natura
834 3771 913 3836 duce
935 3770 1135 3852 excoluntur,
1159 3793 1197 3837 eo
1212 3771 1307 3856 plura
1320 3771 1548 3858 habentprae-
1676 3753 1677 3764 ³

428 3901 521 3982 cepta
544 3901 576 3962 et
596 3896 727 3981 placita,
751 3919 833 3981 quae
856 3897 1016 3976 omnibus,
1040 3897 1096 3981 qui
1108 3897 1283 3981 prudenter
1294 3896 1452 3980 judicant,
1471 3917 1547 3981 pro·
1676 3959 1677 3992 p

427 4021 561 4086 bentur:
586 4019 664 4104 quid
687 4041 775 4107 ergo,
799 4020 855 4085 ubi
879 4021 918 4086 de
944 4017 1130 4105 eloquentia
1154 4020 1280 4108 agitur,
1311 4021 1460 4104 quaesit
1483 4042 1547 4086 una
1676 4039 1677 4056 ¹

427 4145 569 4211 omnium
591 4143 746 4210 latissime
769 4145 852 4210 inter
875 4144 1020 4210 homines
1044 4143 1234 4232 divulgata?

470 4267 545 4334 Jam
568 4268 602 4332 in
625 4267 685 4333 hae
707 4267 981 4352 disputatiuncula
1002 4290 1067 4333 non
1090 4267 1291 4354 singularum
1312 4269 1546 4334 sententiarum

426 4395 483 4464 auc
523 4392 647 4458 dicendi
687 4393 865 4482 figurarum
904 4391 1097 4480 exemplaria
1137 4392 1320 4488 parquirere
1365 4393 1400 4458 in
1439 4392 1545 4460 animo
