3366 5206
671 541 754 638 ον’

139 783 269 855 Periclis
290 785 325 854 iu
348 785 488 855 dicendo
501 786 722 854 excellentiam
745 787 957 874 Anaxagorae
980 784 1251 872 disputationibus

139 913 246 978 tribui.
269 912 296 1000 ¹)
320 913 363 977 Et
387 934 469 997 quae
491 911 635 997 proxime
658 911 804 995 sequitur
827 910 911 994 apud
933 911 1102 976 Platonem
1126 912 1254 977 medici-

140 1057 211 1100 nam
242 1036 327 1100 inter
358 1039 390 1100 et
413 1035 628 1120 eloquentiam
651 1034 862 1120 comparatio:
890 1039 956 1100 ΣΩ.
988 1028 1032 1102 ‘0
1060 1031 1157 1108 αὐτός
1187 1059 1254 1101 που

140 1159 260 1244 τρόπος
278 1159 393 1248 τέχνης
413 1159 564 1247 ἰατρικῆς,
591 1156 694 1243 ὅσπερ
716 1157 771 1222 καί
793 1153 969 1246 ῥητορικῆς.
994 1165 1080 1224 (Ml.
1105 1163 1180 1232 Πῶς
1202 1158 1254 1245 opt

139 1287 203 1348 aa.
238 1277 291 1348 Ἐν
324 1277 526 1371 ἀμφοτέραις
560 1285 612 1348 δεῖ
642 1280 812 1347 διελέσθαι
835 1281 943 1366 φύσιν,
968 1283 1115 1367 σώματος
1136 1281 1198 1366 μὲν
1221 1278 1257 1348 ἓν

141 1409 179 1492 τῇ
201 1404 316 1491 ἑτέρᾳ,
339 1387 446 1496 ψυχῆς
469 1399 498 1471 δ’
520 1403 555 1471 ἕν
577 1409 618 1492 τῇ
640 1404 745 1491 ἑτέρᾳ,
771 1403 803 1469 εἰ
823 1405 954 1489 μέλλεις
976 1400 1022 1493 μὴ
1044 1410 1137 1504 τριβῇ
1154 1405 1257 1490 μόνον

141 1529 193 1592 καὶ
222 1527 401 1615 ἐμπειρίᾳ,
433 1523 515 1594 ἀλλά
538 1528 657 1616 τέχνῃ,
692 1533 737 1616 τῷ
767 1523 830 1611 μὲν
861 1529 1018 1615 φάρμακα
1051 1531 1105 1594 καὶ
1134 1532 1259 1616 τροφὴν

143 1652 339 1739 προσφέρων
361 1645 486 1734 δγίειαν
508 1653 562 1718 καὶ
587 1652 697 1740 ῥώμην
720 1649 930 1739 ἕμποιήσειν,
961 1657 1003 1740 τῇ
1026 1653 1061 1717 δὲ
1087 1651 1201 1735 λόγους
1221 1674 1259 1718 τε

143 1773 195 1842 καί
219 1773 442 1864 ἐπιτηδεύσεις
465 1782 624 1860 νομίμους
647 1770 759 1842 πειθώ
788 1773 828 1863 ἣν
856 1768 897 1840 ἂν
926 1776 1027 1865 βούλῃ
1058 1777 1112 1840 καὶ
1135 1769 1256 1862 ἀρετὴν

145 1900 351 1987 παραδώσειν
364 1900 390 1985 ²)
407 1939 442 1947 -
463 1921 533 1964 eam
556 1920 683 1984 quoque
706 1921 765 1964 suo
782 1899 876 1965 modo
895 1899 1041 1964 imitatus
1060 1904 1109 1964 est
1125 1899 1259 1965 Tullius.

146 2021 255 2087 »Sicut
278 2023 399 2088 medico
422 2022 578 2108 diligenti,
600 2025 718 2107 iuquit,
737 2023 923 2108 priusquam
940 2028 1073 2088 conetur
1091 2046 1187 2110 aegro
1206 2025 1262 2089 ad·

145 2145 257 2211 hibere
277 2147 476 2226 medicinam,
498 2168 561 2212 non
586 2146 690 2211 solum
714 2145 843 2211 morbus
866 2146 945 2230 ejus,
965 2147 1016 2210 cui
1032 2145 1149 2211 mederi
1165 2145 1262 2225 volet,

147 2270 199 2334 sed
230 2270 328 2335 etiam
356 2271 550 2336 consuetudo
582 2268 719 2334 valentis
746 2273 779 2333 et
813 2274 928 2334 natura
958 2269 1099 2354 corporis
1129 2291 1264 2354 cognos-

147 2393 259 2468 cenda3
284 2394 330 2458 sio
351 2394 498 2478 equidem
520 2415 591 2460 cum
615 2393 786 2479 aggredior
808 2393 844 2458 in·
865 2394 997 2479 ancipiti
1012 2416 1107 2459 causa
1125 2399 1157 2459 et
1173 2394 1264 2478 graui
1364 2447 1368 2452 .

149 2516 186 2580 ad
201 2516 324 2581 animos
344 2517 488 2601 judicum
511 2517 763 2603 pertractandos,
788 2519 873 2582 omui
899 2522 1004 2584 mente
1024 2519 1058 2582 iu
1081 2539 1119 2582 ea
1141 2517 1265 2604 cogita·

149 2639 233 2704 tione
256 2662 395 2723 curaque
419 2663 543 2720 versor,
571 2646 608 2706 ut
639 2643 752 2707 odorer
775 2663 872 2725 quam
897 2643 1100 2730 sagacissime
1123 2645 1263 2728 possim,

150 2763 224 2846 quid
246 2764 398 2843 sentiant,
421 2765 496 2848 quid
520 2766 717 2846 existiment,
743 2766 820 2850 quid
844 2769 1039 2850 exspectent,
1058 2766 1135 2850 quid
1154 2764 1265 2842 velint,

150 2908 212 2969 quo
236 2888 347 2952 deduci
376 2889 521 2956 oratione
545 2890 695 2956 facillime
718 2911 810 2976 posse
833 2889 1033 2957 videantur.”

194 3010 316 3076 Deinde
339 3013 415 3095 quia
438 3013 559 3079 viderat
585 3013 713 3079 Tullius
735 3014 768 3078 in
791 3014 855 3077 fine
878 3011 1016 3077 Phaedri
1038 3012 1126 3076 omui
1145 3034 1181 3076 or
1202 3011 1266 3078 tori

154 3135 295 3200 veritatis
307 3140 339 3199 et
346 3136 496 3203 scientiae
505 3161 605 3224 gnaro
618 3140 710 3223 eique
722 3138 782 3203 soli
789 3135 972 3222 philosophi
980 3115 1095 3201 nomen
1104 3135 1213 3216 tribui,
1223 3175 1266 3186 --

151 3256 189 3320 de
212 3279 275 3342 quo
303 3257 373 3324 loco
407 3283 504 3346 supra
526 3262 694 3327 retulimus
729 3301 771 3311 —
802 3261 874 3326 ideo
898 3259 1038 3344 profecto
1074 3281 1111 3324 ea
1138 3259 1266 3344 scripsit

150 3402 232 3464 quse
255 3382 378 3465 possint
401 3385 563 3470 ceteroqui
585 3384 827 3450 admirationem
844 3405 980 3448 movere.
998 3383 1114 3448 »Nunc
1129 3384 1195 3449 sive
1211 3384 1268 3469 qui

151 3503 249 3584 volet,
266 3527 337 3571 eum
351 3506 589 3593 philosophum,
613 3510 669 3593 qui
680 3509 805 3593 copiam
824 3508 916 3572 nobis
929 3530 1035 3573 rerum
1051 3507 1269 3592 orationisque

151 3627 268 3713 tradat,
292 3651 349 3714 per
370 3652 420 3695 me
443 3631 583 3716 appellet
605 3635 764 3696 oratorem
787 3629 880 3708 licet;
903 3633 969 3697 sive
992 3631 1078 3696 bunc
1100 3631 1275 3712 oratorem,

151 3773 247 3835 quem
271 3774 332 3840 ego
356 3754 425 3818 dico
440 3757 637 3840 sapientiam
658 3760 804 3842 junctam
827 3754 945 3820 habere
967 3754 1179 3838 eloquentiae,
1196 3755 1270 3838 phi·

151 3876 323 3962 losophum
346 3878 508 3966 appellare
530 3880 638 3960 malet,
663 3903 726 3947 uon
750 3880 941 3964 impediam
957 3930 963 3943 .
978 3933 984 3946 .
999 3926 1030 3942 ..
1053 3875 1163 3942 malim
1180 3877 1270 3961 equi·

151 4000 224 4067 dem
246 4001 433 4069 indisertam
455 4006 661 4090 prudentiam
684 4028 781 4091 quam
806 4003 980 4070 stultitiam
1002 4002 1179 4086 loquacem.
1213 3999 1270 4068 sin

187 4304 217 4372 r)
235 4301 265 4360 Ρ.
284 4305 337 4360 aro
354 4307 386 4363 r.
405 4337 440 4347 -
458 4307 499 4363 ao
517 4306 562 4363 or.
581 4307 626 4364 lu.
645 4310 708 4365 rsa.
816 4271 820 4280 ’

186 4397 216 4464 a)
232 4394 263 4453 Ρ.
282 4397 335 4452 aro
353 4395 385 4455 a.
403 4427 438 4438 -
455 4395 495 4455 aa
514 4393 559 4455 ot.
577 4395 612 4476 11,
629 4399 691 4458 rso.
