3404 5198
947 582 1100 650 42·

410 790 535 862 laverit.
567 793 651 861 Nem
673 796 911 882 philosophiam
934 799 975 866 ob
998 800 1092 866 hasce
1113 800 1254 867 rationes
1276 800 1429 868 excludit:
1443 803 1532 887 quod

411 917 576 984 hominum
599 922 722 986 animos
752 923 830 986 sutis
864 928 979 990 natura
1013 925 1093 989 duce
1126 926 1318 991 commoveri
1352 926 1529 1004 discamus,

409 1045 442 1106 et
464 1043 549 1126 quod
573 1045 837 1131 philosophorum
860 1049 1028 1113 decretae
1062 1049 1148 1114 vitae
1183 1050 1412 1114 consuetudine
1441 1054 1473 1115 et
1508 1073 1528 1115 a

410 1166 553 1231 moribus
581 1168 720 1234 civitatis
743 1169 929 1258 longissime
953 1171 1156 1238 abhorreant.
1180 1172 1201 1237 J
1206 1173 1270 1236 uris
1294 1177 1401 1238 autem
1425 1173 1528 1239 scien-

408 1290 488 1354 tiam
512 1289 598 1356 haud
621 1292 722 1378 pluris
743 1296 908 1370 aestimat3
932 1296 966 1360 in
989 1297 1138 1362 maximis
1162 1298 1246 1361 enim
1270 1299 1383 1376 music,
1403 1298 1528 1382 dequi-

410 1413 470 1478 bus
492 1416 587 1480 modo
608 1415 758 1496 Crassus,
781 1441 846 1484 nou
870 1419 926 1502 qui
952 1420 1036 1504 juris
1058 1422 1172 1486 fuisset
1201 1422 1355 1504 peritior,
1386 1423 1440 1488 sed
1472 1424 1528 1507 qui

410 1539 524 1603 melius
558 1540 702 1619 dixisset,
738 1544 934 1628 superiorem
968 1545 1157 1609 discessisse.
1196 1545 1306 1620 »Quae
1344 1568 1441 1629 quam
1485 1547 1529 1612 sit

377 1653 381 1659 ⁵
409 1661 513 1727 facilis
550 1699 577 1711 -
601 1665 648 1728 ita
670 1666 812 1749 perbelle
843 1670 1103 1753 jurisperitorum
1133 1671 1252 1734 tastum
1282 1674 1375 1735 notat
1405 1707 1443 1718 -
1479 1669 1529 1734 illi

411 1785 549 1851 viderint
571 1790 627 1872 qui
651 1791 720 1874 ejus
743 1792 822 1856 artis
845 1795 1041 1879 arrogantis,
1071 1795 1163 1878 quasi
1193 1794 1383 1859 difficillima
1405 1795 1458 1871 sit,
1480 1794 1529 1858 itu

412 1911 539 1976 subnixi
562 1913 765 1980 ambulant!’'
790 1915 832 1981 Se
866 1918 977 2002 igitur,
1001 1918 1028 1983 si
1063 1918 1189 2002 quaudo
1224 1939 1351 1982 causam
1386 1918 1529 2001 aliquam

413 2035 628 2101 obscuriorem
652 2060 748 2124 agere
771 2040 911 2118 deberet,
924 2041 1109 2107 Scaevolam
1133 2042 1294 2106 aditurum
1307 2063 1392 2116 esse;
1405 2040 1529 2124 reliqua

411 2180 496 2236 vero,
511 2159 698 2227 »historiam
711 2168 744 2228 et
755 2166 957 2247 prudentiam
974 2165 1056 2248 juris
1068 2165 1189 2249 publici
1201 2170 1233 2229 et
1244 2164 1449 2250 antiquitatis
1462 2185 1529 2227 me·

412 2284 545 2350 moriam
562 2290 595 2350 et
607 2287 825 2372 exemplorum
847 2289 1002 2374 copianr'',
1028 2290 1053 2354 si
1066 2288 1193 2374 quaudo
1205 2311 1285 2373 opus
1297 2293 1389 2366 esset,
1402 2291 1532 2351 mutua·

412 2412 522 2472 turum
542 2433 561 2474 a
576 2409 699 2497 Congo.
724 2411 836 2496 Neque
848 2416 956 2478 tamen
969 2417 1065 2500 negat
1075 2414 1223 2496 prodesse
1237 2411 1335 2477 ullam
1347 2411 1530 2486 scientiam

413 2533 488 2597 »sed
504 2533 607 2598 multa
630 2535 737 2618 inquit
760 2538 793 2600 et
816 2539 979 2622 magnast
1002 2535 1144 2601 difficilia
1166 2539 1242 2600 suut
1254 2557 1302 2615 ea,
1315 2559 1397 2620 quae
1409 2535 1531 2600 oratori

412 2661 489 2722 sunt
510 2659 706 2736 necessaria,
729 2663 766 2723 ut
788 2660 856 2743 ejus
879 2660 1070 2725 industriam
1091 2661 1125 2724 in
1148 2661 1243 2744 plura
1273 2660 1380 2725 studia
1413 2659 1531 2724 distra-

412 2780 488 2846 here
518 2781 651 2846 uolim.''
675 2783 779 2858 Quare
801 2784 910 2867 potius
943 2784 1030 2868 ipsus
1060 2783 1184 2849 dicendi
1219 2783 1463 2848 exercitationes
1496 2783 1530 2846 iu

412 2907 527 2990 quibus
547 2906 669 2970 multus
691 2906 788 2971 fuerit
811 2907 1052 2985 Demosthenes,
1075 2907 1290 2992 maximopere
1309 2906 1530 2980 commendut3

412 3034 647 3106 ceterauutem,
671 3052 752 3114 quae
775 3031 840 3094 sint
863 3030 999 3096 collecta
1022 3054 1061 3096 ex
1085 3031 1181 3095 variis
1204 3035 1237 3095 et
1260 3030 1392 3096 diversis
1415 3031 1531 3096 studiis

414 3155 593 3232 etartibuS,
616 3155 657 3220 ab
680 3155 817 3220 oratoris
843 3157 974 3240 proprio
998 3157 1103 3220 officio
1128 3161 1225 3240 atque
1239 3178 1370 3220 munere
1387 3155 1534 3239 sejuncta

413 3303 480 3345 esse
505 3281 689 3345 arbitratur.

457 3405 540 3470 Tum
563 3405 712 3471 Crassus:
739 3405 949 3490 »Operarium
972 3405 1064 3468 nobis
1088 3405 1276 3488 quemdam,
1300 3403 1435 3481 Antoni,
1457 3425 1530 3468 oru-

413 3534 515 3595 torem
537 3529 626 3607 facis,
649 3535 746 3615 atque
769 3529 854 3594 haud
877 3529 952 3607 scio,
977 3552 1018 3592 un
1042 3529 1136 3593 aliter
1159 3528 1278 3592 sentias
1302 3532 1335 3592 et
1358 3532 1450 3593 utare
1472 3530 1531 3591 tua

412 3651 470 3719 illa
493 3654 627 3719 mirifica
649 3655 689 3718 ad
713 3653 921 3719 refellendum
945 3652 1183 3729 consuetudine,
1207 3675 1270 3737 qua
1288 3652 1348 3716 tibi
1360 3674 1453 3717 nemo
1469 3674 1531 3715 un·

413 3803 509 3866 quam
534 3779 725 3865 praestitit-.’'
748 3779 858 3862 Atque
881 3784 1079 3862 postpauca
1102 3777 1198 3842 verba
1219 3776 1358 3861 reliquos
1370 3797 1531 3840 sermones

413 3906 445 3969 in
469 3908 631 3987 posterum
654 3904 737 3970 diem
761 3903 886 3967 differre
909 3901 1024 3985 placet.

460 4151 497 4214 ln
521 4150 656 4236 prologo
681 4149 907 4234 disputationis
931 4149 1097 4226 secundae,
1120 4149 1158 4212 de
1183 4171 1257 4233 qua,
1277 4148 1428 4233 quoniam
1441 4168 1530 4232 meg·

413 4298 487 4341 nam
511 4279 635 4360 partem
657 4275 691 4340 in
713 4276 901 4362 τεχνολογίᾳ
924 4279 1080 4352 versatur,
1097 4274 1257 4338 breviores
1274 4295 1341 4337 esse
1351 4293 1531 4356 possumus,

415 4398 525 4465 (heere
547 4399 712 4483 praeclaro
734 4421 878 4465 sermone
901 4420 940 4462 ex
962 4399 1119 4482 pueritiae
1146 4398 1283 4482 quadam
1311 4396 1532 4462 recordatione
