3404 5198
705 577 748 644 23

169 793 264 858 modo
287 791 373 876 quod
395 788 484 855 nulla
507 791 575 875 ejus
593 790 697 856 oratio
719 794 907 866 exstatnea
930 808 1065 872 usquam
1088 785 1140 850 vel
1153 783 1285 850 verbulo

169 920 452 992 commemoratum
477 915 530 979 sed
553 937 592 980 ex
611 914 746 1001 prologo
769 912 811 978 Ili
839 914 915 978 libri
935 913 974 976 de
996 914 1125 976 oratore
1136 911 1287 975 discimus

170 1041 337 1118 Quintum,
349 1039 415 1104 sive
434 1039 566 1124 judioio,
578 1041 644 1105 sive
667 1040 788 1124 pudore
813 1042 846 1103 et
867 1037 1039 1102 timiditate
1054 1036 1195 1122 ingenua
1207 1057 1286 1119 qua·

169 1165 255 1240 dam,
277 1164 343 1229 sive
366 1164 450 1248 quod
473 1162 609 1246 putabat
633 1185 732 1226 unum
755 1161 834 1226 satis
858 1182 1013 1225 essenon
1038 1159 1131 1223 ruodo
1158 1159 1191 1222 in
1222 1181 1286 1222 una

169 1289 294 1353 familia
321 1291 480 1352 oratorem
503 1287 559 1351 sed
581 1308 681 1370 paene
701 1287 736 1350 in
758 1289 829 1349 totu
840 1285 981 1363 civitate,
1004 1306 1023 1347 a
1046 1283 1176 1348 dioendo
1200 1283 1286 1346 refu-

171 1413 266 1498 gisse.
285 1415 309 1499 ¹)
334 1451 374 1460 -
399 1411 507 1496 Atque
530 1413 564 1475 in
587 1411 737 1495 operibus
761 1432 843 1494 quae
866 1409 927 1473 sub
950 1408 1061 1485 Quinti
1085 1409 1214 1472 nomine
1230 1408 1287 1471 ad-

170 1536 234 1600 hue
256 1535 534 1612 circumferuntur,
557 1557 658 1618 panea
679 1534 786 1600 hercle
809 1539 885 1599 sunt
908 1535 1059 1600 oratoria.
1083 1532 1287 1598 Commenta·

170 1660 238 1724 rius
260 1659 316 1724 ille
339 1659 399 1724 »de
423 1659 583 1724 Petilione
606 1659 797 1725 Consulatus
820 1659 859 1723 ad
883 1658 927 1723 M.
952 1657 1096 1722 Tullium
1107 1657 1287 1734 Fratrem,''

170 1789 209 1848 ut
232 1785 274 1848 ait
297 1806 378 1868 puro
401 1787 551 1868 tarsoque
574 1805 719 1860 sermone
740 1783 953 1867 conscriptus,
977 1781 1147 1846 admodum
1170 1781 1286 1867 friget:

170 1908 252 1971 mihi
274 1907 401 1992 quidem
434 1907 667 1992 ineptissimum
699 1908 836 1984 videtur,
857 1908 990 1971 fratrem
1025 1911 1162 1991 quatuor
1196 1905 1288 1969 annis

171 2035 251 2097 natu
274 2032 441 2116 majorem,
465 2032 520 2116 qui
539 2033 609 2117 jam
631 2031 665 2095 in
688 2052 782 2094 eursu
805 2030 1016 2095 maximarum
1047 2053 1154 2095 rerum
1185 2035 1286 2106 esset,
1395 2111 1399 2121 Ι

168 2157 216 2222 sie
239 2179 258 2221 a
280 2158 402 2223 minore
424 2159 516 2242 quasi
539 2180 558 2222 a
580 2153 763 2221 tristissimo
786 2158 902 2238 patruo
934 2155 972 2219 de
1003 2156 1128 2220 ratione
1157 2154 1287 2238 petendi

169 2281 308 2347 honores
331 2283 505 2347 admoneri.
524 2281 623 2359 ¹Quid,
646 2302 775 2364 quaeso,
799 2280 958 2345 attinebat
971 2281 1010 2358 ei,
1023 2281 1078 2364 qui
1087 2281 1155 2365 jam
1173 2301 1287 2363 quaes·

168 2409 262 2480 tura,
286 2404 464 2483 aedilitate,
488 2409 639 2489 praetura
662 2405 790 2469 functus
814 2408 899 2483 erat,
923 2409 990 2469 tam
1013 2403 1175 2468 fastidiose
1208 2402 1287 2466 haec

170 2528 235 2593 tria
258 2527 298 2592 ab
323 2528 467 2594 aedilicio
489 2527 658 2594 inculcari:
692 2528 825 2593 >Novus
859 2551 947 2608 sum,
970 2527 1173 2594 consulatum
1196 2531 1287 2610 potu,

170 2653 276 2716 Itouna
298 2652 388 2717 est”?
412 2653 499 2728 Quae
510 2674 606 2736 quam
618 2653 662 2717 sit
673 2653 812 2717 absurda
823 2653 1035 2730 elucubratio,
1054 2658 1090 2716 ut
1103 2652 1204 2738 magis
1216 2671 1288 2714 sen·

171 2778 250 2854 tias,
274 2777 378 2842 obiter
402 2799 472 2842 eam
495 2798 659 2860 compares
693 2777 790 2842 velim
824 2801 897 2843 oum
931 2778 1065 2864 egregio·
1095 2777 1154 2841 illo
1188 2776 1288 2840 Marci

170 2902 400 2967 commentario
424 2902 484 2966 »do
507 2901 671 2986 provincia
694 2901 977 2980 administranda'’,
1002 2903 1057 2986 qui
1078 2903 1180 2986 prima
1192 2901 1287 2984 primi

170 3027 247 3091 libri
269 3027 309 3090 ad
334 3026 488 3102 Quintum
511 3027 645 3090 fratrem
667 3024 803 3108 epistola
826 3025 983 3110 appellari
1007 3028 1100 3096 solet,
1125 3025 1151 3091 0
1172 3026 1288 3090 Fortu-

170 3155 267 3216 natos
290 3151 434 3235 profecto
457 3150 675 3215 Romanorum
698 3150 921 3234 provinciales,
943 3151 971 3215 si
987 3151 1289 3236 omnesproviuoia·

172 3299 244 3341 rum
264 3276 421 3366 praesides
444 3274 697 3360 prudentissimis
727 3276 938 3342 humanitatis
968 3299 1004 3341 ao
1036 3275 1288 3340 mausuetudinis

173 3400 352 3486 praeceptis
375 3400 564 3484 paruissent,
589 3420 671 3482 quae
694 3398 727 3462 in
751 3397 812 3463 hoo
826 3398 935 3464 libello
952 3401 1000 3464 vir
1012 3400 1186 3466 consularis
1198 3422 1289 3483 prae·

173 3526 238 3590 tori
260 3524 429 3607 designato
452 3522 567 3586 tradit!

219 3649 332 3731 Neque
355 3647 469 3733 ignoro
492 3669 559 3711 esse
576 3647 660 3712 inter
684 3648 768 3712 viros
792 3648 911 3724 doctos
936 3649 990 3731 qui
1012 3649 1109 3713 variis
1128 3649 1215 3713 duoti
1238 3672 1290 3713 ra-

174 3773 317 3838 tionibus
336 3771 525 3855 opusoulum
548 3769 629 3834 illud
652 3772 691 3836 de
714 3772 869 3856 petitione
892 3773 1076 3837 consulatus
1092 3777 1210 3854 negent
1223 3795 1290 3838 esse

174 3895 285 3972 Quinti
308 3893 488 3969 Ciceronis3
511 3897 635 3959 eertum
658 3899 765 3960 tamen
790 3900 849 3974 est,
862 3897 1027 3982 ingenium
1047 3901 1104 3962 aut
1117 3899 1289 3962 oratorium

174 4019 362 4085 facultatem
386 4017 498 4094 Quinti
520 4040 721 4103 nequaquam
745 4018 801 4084 illo
815 4020 898 4086 libro
910 4022 1134 4090 commendari.
1147 4023 1292 4100 Quatuor
1374 4109 1380 4118 ¹

176 4253 336 4263 ——a-

212 4393 240 4464 1)
258 4393 299 4450 Do
317 4393 362 4452 Or.
380 4394 413 4449 Il.
431 4397 475 4458 10,
