3404 5198
729 559 748 627 ‘t

180 771 279 836 animi
302 771 447 849 morbos,
471 771 558 838 huuc
590 773 778 858 praesertim
810 772 920 840 Cicero
955 773 1117 858 deplorat:
1150 774 1234 858 quod
1262 772 1296 838 in

179 917 303 961 summa
332 896 389 962 illa
416 897 602 982 opinionum
632 899 840 982 perversitate
875 899 925 963 vel
959 899 1100 982 optimus
1135 899 1295 982 quisque,

179 1041 373 1104 quamquam
402 1043 510 1085 veram
532 1021 622 1086 illam
645 1023 847 1087 honestatem
870 1026 1010 1105 expetat,
1042 1020 1164 1086 nullam
1188 1025 1295 1085 tamen

179 1147 380 1210 consectetur
410 1145 601 1210 eminentem
636 1145 774 1230 effigiem
808 1145 959 1222 virtutis,
984 1145 1039 1208 sed
1072 1145 1296 1209 adumbratam

179 1267 352 1354 imaginem
380 1269 511 1355 gloriae.
539 1267 565 1356 ¹)
594 1269 680 1334 Vera
704 1270 789 1334 enirn
815 1269 920 1355 gloria
945 1269 991 1334 sic
1020 1269 1148 1356 egregie
1180 1269 1297 1334 ibidem

178 1392 393 1458 describitur:
425 1417 483 1458 »ea
507 1398 555 1458 est
586 1394 787 1459 consentiens
810 1394 882 1459 laus
907 1394 1086 1470 bonorum,
1110 1393 1297 1476 incorrupta

179 1537 240 1581 vox
253 1516 333 1581 bene
342 1516 556 1601 judicantium
569 1516 607 1582 de
621 1516 791 1584 excellenti
815 1518 946 1595 virtute,
972 1539 1009 1582 ea
1032 1516 1145 1582 virtuti
1169 1519 1298 1580 resonat

178 1644 342 1724 tamquam
357 1641 477 1726 imago:
498 1664 579 1725 quae
603 1642 678 1726 quia
701 1645 786 1706 recte
803 1642 963 1705 factorum
987 1640 1175 1724 plerumque
1191 1661 1296 1704 comes

177 1768 248 1841 est,
271 1787 335 1830 uon
359 1768 406 1830 est
440 1765 531 1831 bonis
558 1766 635 1830 viris
661 1765 888 1850 repudianda.'’
916 1803 954 1813 -
981 1764 1054 1830 Non
1078 1764 1162 1828 hanc
1185 1769 1295 1828 tamen

177 1889 232 1952 sed
243 1890 518 1955 adumbrationem
530 1891 599 1974 ejus
614 1889 890 1974 plerosquesequi,
899 1890 995 1954 etiam
1009 1886 1119 1953 Cicero
1130 1891 1296 1971 expertus:

178 2011 260 2076 »Illa
278 2013 537 2097 autem’'inquit,
563 2035 665 2097 »quae
683 2035 717 2077 se
740 2014 809 2096 ejus
830 2012 1036 2077 imitatricem
1053 2035 1120 2078 esse
1145 2010 1223 2089 vult,
1247 2016 1296 2076 te·

175 2137 312 2200 meraria
324 2141 420 2222 atque
430 2138 665 2203 inconsiderata
675 2141 707 2202 31
718 2138 906 2222 plerumque
917 2141 1119 2221 peccatorum
1127 2137 1296 2202 vitiorum·

176 2282 240 2344 que
253 2260 425 2340 laudatrix,
449 2264 537 2327 fama
548 2263 722 2348 popularis,
745 2262 952 2327 simulatione
964 2261 1143 2327 honestatis
1160 2261 1295 2326 lormarn

176 2389 245 2474 ejus
260 2383 594 2470 pulchritudinemque
617 2386 826 2470 corrumpit.'’

221 2506 346 2582 Quanto
370 2509 488 2573 rectius
512 2510 565 2574 hic
588 2530 696 2574 veram
720 2507 809 2572 illam
829 2507 968 2596 gloriam
998 2531 1017 2573 a
1040 2509 1188 2594 populari
1208 2510 1295 2573 fama

175 2631 340 2718 disjungit,
350 2655 448 2715 quam
458 2633 491 2697 in
504 2633 587 2699 libro
602 2633 640 2697 de
651 2632 851 2710 Inventione,
865 2633 919 2696 ubi
937 2637 1107 2717 utramque
1120 2635 1296 2710 confundit,

176 2775 249 2819 cum
271 2755 383 2819 scribit
407 2755 531 2841 »gloria
543 2759 592 2821 331
603 2757 752 2840 frequens
764 2755 801 2820 de
814 2756 924 2840 aliquo
936 2757 1021 2822 fama
1034 2780 1105 2822 oum
1117 2758 1244 2854 laude’f
1270 2758 1296 2842 2)

177 2878 239 2944 Illa
254 2879 338 2943 enim
350 2901 432 2963 quae
453 2880 492 2943 ad
505 2879 736 2945 beatitudinem
751 2881 891 2964 pertinet
900 2880 1006 2965 gloria
1020 2880 1191 2945 fallacibus
1204 2879 1296 2965 vulgi

176 3001 459 3067 acclamationibus
482 3025 545 3067 non
569 3003 767 3079 continetur;
792 3004 946 3068 sentimus
969 3004 1148 3068 animorum
1172 3007 1297 3068 nostro·
1382 3039 1391 3054 ·

176 3149 249 3191 rum
272 3126 461 3191 desiderium
496 3127 608 3190 satiari
631 3149 694 3191 non
728 3149 820 3210 posse
847 3127 910 3191 nisi
941 3128 1033 3193 nob'is
1056 3127 1172 3192 conscii
1197 3127 1297 3190 simus

177 3271 304 3325 veram,
327 3271 392 3313 non
415 3249 599 3314 simulatam
622 3249 774 3316 virtutem
797 3252 831 3316 in
862 3251 954 3316 nobis
977 3251 1113 3329 laudari,
1137 3250 1232 3333 idque
1256 3249 1297 3313 ab

176 3374 217 3438 iis
240 3374 295 3457 qui
318 3378 351 3438 et
366 3374 441 3439 boni
464 3374 530 3439 sint
549 3377 582 3438 et
598 3376 684 3439 recte
696 3375 850 3458 judicent.
873 3373 924 3438 At·
942 3397 1026 3439 nunc
1043 3375 1185 3458 profecto
1205 3393 1298 3436 sanc·

177 3497 320 3562 tissimus
343 3497 477 3581 quisque
500 3500 533 3562 et
556 3496 821 3580 sapientissimus,
845 3520 917 3562 oum
940 3497 1127 3583 cognoverit
1144 3497 1297 3560 bonorum

177 3622 274 3686 finem
299 3643 362 3684 non
385 3621 446 3685 hac
468 3621 501 3684 in
526 3624 612 3685 terra
635 3621 849 3704 expetendum
873 3643 950 3698 asse,
966 3621 1060 3685 laoile
1079 3622 1145 3702 jam
1171 3619 1295 3683 nullam

178 3744 263 3828 apud
287 3743 431 3809 homines
454 3745 590 3830 gloriam
614 3745 750 3827 quaerit.
775 3744 929 3809 Homines
953 3745 1038 3808 enim
1063 3743 1214 3808 mortales
1238 3767 1297 3828 pro

178 3891 255 3934 suae
278 3869 394 3935 mentis
416 3867 554 3954 caligine
570 3873 602 3932 et
614 3888 739 3950 semper
761 3867 830 3931 falli
854 3871 988 3951 possunt
1011 3871 1043 3931 et
1067 3867 1120 3932 vix
1144 3890 1297 3951 umquam
1407 3911 1411 3916 =

179 3993 218 4057 de
241 3993 437 4075 praestantia
459 3991 590 4056 virtutis
612 3993 752 4077 perfecte
772 3991 936 4075 judicant;
968 3996 1066 4076 atque
1097 3990 1297 4076 agnovimus,

184 4174 342 4182 --—-

217 4293 243 4361 1)
262 4294 296 4348 or.
315 4291 393 4347 ruso.
412 4295 429 4347 1.
449 4293 494 4360 111,
513 4295 538 4346 3.

218 4381 244 4457 2)
263 4382 303 4440 De
321 4382 378 4437 lnr.
396 4384 415 4444 l,
433 4382 465 4435 ll.
485 4383 545 4439 166.
