3366 5206
659 573 701 645 73

135 793 190 882 illo
214 795 313 874 libro,
336 796 391 881 qui
417 794 576 862 »Orator”
600 795 802 872 inscribitur,
826 793 949 879 primus
971 793 1190 860 Romanorum
1214 791 1252 860 de

134 943 266 987 numero
290 920 430 986 oratorio
442 921 620 986 dissereret.
638 919 719 985 Oum
731 923 839 985 tamen
857 918 1007 984 Isocratis
1026 941 1078 983 ars
1086 920 1155 1003 jam
1167 941 1253 984 nunc

135 1068 197 1111 uon
221 1048 336 1121 exstet,
360 1066 462 1130 neque
484 1043 630 1110 Ciceroni
652 1044 722 1127 ojus
736 1043 863 1108 videndi
876 1044 968 1128 copia
980 1045 1079 1109 fuisse
1093 1044 1252 1121 videatur,

136 1170 189 1255 qui
212 1167 393 1234 accuratius
418 1167 506 1233 volet
527 1167 755 1253 pervestigare,
776 1189 858 1252 quae
874 1173 1044 1252 praecepta
1064 1166 1175 1233 Cicero
1195 1189 1253 1251 pro

137 1293 387 1358 conformatione
413 1291 732 1376 comprehensionum
767 1295 800 1356 et
834 1291 1064 1356 sententiarum
1100 1313 1138 1354 cx
1166 1290 1254 1356 illius

138 1416 304 1501 disciplina
327 1416 552 1501 assumpserit,
579 1416 665 1500 ipsas
693 1416 853 1481 orationes
876 1414 1027 1481 Isocratis
1051 1437 1123 1480 cum
1147 1415 1253 1480 elocu-

138 1540 233 1606 tionis
256 1541 412 1618 doctrina,
435 1563 517 1624 quae
539 1540 630 1606 libris
656 1540 715 1605 »de
736 1538 890 1606 Oratore''
911 1539 1106 1617 continetur,
1126 1561 1255 1625 compa-

140 1687 208 1730 rare
231 1665 368 1732 debebit.
393 1665 522 1732 Oertum
545 1670 593 1729 est
617 1665 702 1730 enim
725 1663 909 1730 Ciceronem
929 1662 1080 1729 Isocratis
1099 1664 1255 1729 orationi-

141 1789 209 1867 bus,
221 1789 359 1854 maxime
369 1789 453 1854 libro
466 1791 505 1854 ad
517 1789 703 1875 Philippum
717 1795 750 1856 et
758 1789 956 1875 Panegyrico
970 1793 1003 1854 et
1015 1788 1256 1853 Panathenaico

142 1912 335 1998 permultum
360 1913 519 1979 tribuisse.
541 1913 568 2000 1)
592 1913 653 1980 Sed
676 1936 734 1997 pro
757 1915 908 1979 instituto
925 1918 1034 1978 nostro
1047 1912 1126 1978 haec
1153 1934 1255 1997 pauca

144 2038 179 2104 de
202 2037 343 2104 isocrate
366 2038 522 2125 attigisse,
546 2038 624 2102 satis
647 2060 714 2103 essc
737 2037 897 2103 ducimus:
918 2038 1050 2122 jamque
1073 2036 1113 2100 ad
1129 2035 1255 2101 Aristo·

146 2160 250 2243 telem,
274 2163 299 2227 si
324 2162 440 2247 placet,
464 2185 522 2227 nos
546 2166 778 2227 convertamus.

188 2287 283 2352 Haud
314 2287 398 2352 enim
430 2286 599 2352 obscurum
633 2291 702 2366 est,
734 2287 914 2352 universam
941 2286 1119 2359 doctrinam
1142 2284 1257 2349 horum

17 2489 18 2504 χ
141 2410 294 2476 librorum
318 2433 511 2498 magnopere
538 2409 676 2496 pendere
703 2435 742 2477 ex
772 2411 900 2496 scriptis
928 2410 1112 2496 stagiritae.
1143 2409 1256 2495 Neque

141 2535 218 2602 illud
235 2536 363 2602 mirum.
390 2534 580 2620 Saepissime
603 2535 688 2600 enirn
711 2536 745 2600 iu
771 2535 918 2600 omnibus
941 2534 1103 2600 Ciceronis
1127 2539 1163 2618 et
1183 2535 1257 2599 rhe-

18 2735 19 2744 .
141 2660 246 2743 toricis
265 2664 299 2725 et
317 2659 548 2745 philosophicis
572 2659 905 2737 commentationibus,
933 2680 1051 2744 magna
1074 2681 1146 2724 cum
1162 2659 1257 2724 laude

141 2782 319 2868 appellatur
350 2781 552 2848 Aristoteles.
587 2783 686 2849 Velut
716 2784 750 2848 in
782 2783 873 2849 libris
901 2783 939 2847 de
966 2783 1121 2847 Finibus.-
1144 2782 1258 2847 ›Aris-

143 2907 273 2984 toteles,
298 2906 422 2992 inquit,
445 2928 539 3008 quem
564 2911 696 2991 excepto
721 2906 873 2987 Platone,
905 2907 991 2972 haud
1019 2907 1084 2972 scio
1106 2929 1148 2971 an
1172 2911 1257 2972 recte

142 3032 271 3098 dixerim
282 3031 461 3115 principem
476 3029 780 3115 philosophorum;'‘
795 3032 822 3116 ²)
835 3036 944 3116 atque,
957 3036 993 3097 ut
1007 3032 1103 3096 etiam
1117 3054 1156 3096 ex
1169 3031 1259 3097 libris

19 3149 20 3218 i
142 3157 177 3240 dc
199 3155 467 3242 Oratorestatim
490 3154 629 3239 aliquem
653 3153 760 3219 locum
782 3156 928 3221 afferam:
955 3155 1184 3233 ›Aristoteles,
1208 3156 1259 3219 in·

19 3269 20 3314 ³
143 3281 217 3364 quit,
241 3281 269 3344 is
293 3301 389 3363 quem
412 3301 473 3365 ego
489 3277 627 3343 maxime
650 3278 809 3343 admiror''
835 3277 873 3362 ³).
902 3279 977 3344 Non
998 3278 1145 3364 fugiebat
1172 3279 1258 3343 enim

20 3415 21 3420 ’
142 3403 345 3470 Aristotelem
378 3403 518 3487 primum
552 3405 626 3486 post
657 3401 844 3466 »discidium
874 3402 957 3468 illud
990 3402 1124 3488 linguae
1157 3406 1257 3485 atquc

20 3561 21 3564 ¹
142 3529 272 3607 cordis”,
296 3549 370 3593 cum
393 3532 536 3593 censeret
561 3529 675 3609 »turpe
698 3525 759 3589 sibi
780 3547 848 3590 osse
871 3530 977 3590 tacere
989 3547 1062 3589 cum
1082 3522 1256 3590 Isocratem

20 3641 21 3666 ³
142 3657 303 3736 pateretur
325 3652 460 3729 dicere”,
486 3647 676 3734 disciplinae
705 3649 809 3714 forma
840 3651 970 3733 repente
993 3648 1177 3726 immutata,
1203 3670 1256 3712 or-

143 3799 229 3844 nasse
251 3782 285 3842 et
308 3776 487 3858 illustrasse
510 3769 689 3841 doctrinam
712 3773 802 3838 illam
825 3795 961 3850 omnem,
986 3794 1157 3856 rerumque
1180 3794 1260 3858 cog-

143 3901 292 3966 nitionem
316 3921 389 3964 cum
412 3898 566 3964 orationis
585 3897 814 3963 exercitatione
837 3896 1049 3980 conjunxisse.
1064 3894 1090 3981 l)
1108 3896 1169 3972 Qui
1193 3917 1257 3960 non

180 4151 208 4216 1)
226 4149 265 4204 Of.
286 4148 331 4203 Or.
350 4151 395 4217 38,
414 4151 475 4204 176.

179 4241 205 4301 t)
221 4237 260 4292 Dc
279 4237 339 4292 Fin.
358 4237 391 4291 V.
410 4239 435 4292 3.
503 4292 506 4296 .

182 4325 207 4395 3)
224 4326 264 4381 De
283 4325 329 4380 Or.
348 4325 379 4380 ll.
400 4328 462 4381 152.

183 4413 208 4482 1)
225 4414 266 4469 De
283 4413 329 4469 Or.
348 4412 394 4469 111.
413 4416 474 4468 111.
