3366 5206
944 557 1091 628 76.

405 753 589 820 Aristotelis
620 753 703 822 libro
731 755 947 822 continentur.
982 755 1109 822 Primus
1139 756 1224 822 enim
1253 755 1417 823 Ciceronis
1440 751 1526 820 liber

405 881 614 964 τεχνολογίαν
635 881 702 945 fere
725 902 788 946 non
811 881 919 946 habet.
950 879 1055 946 Multa
1077 881 1253 966 prudenter
1275 881 1447 947 observata
1470 904 1525 946 sa-

407 1003 593 1088 pienterque
617 1005 762 1081 monita,
785 1027 867 1090 quae
897 1005 931 1072 in
954 1003 1089 1092 vulgata
1119 1005 1356 1072 rhetoricorum
1378 1006 1531 1072 doctrina

407 1131 613 1207 evanuerant,
636 1150 676 1193 ex
699 1128 873 1194 Aristotele
896 1127 1007 1194 Cicero
1029 1129 1201 1214 repetivit:
1223 1130 1278 1208 sic,
1296 1134 1334 1194 ut
1345 1129 1530 1214 exemplum

408 1252 549 1331 afferam,
562 1257 672 1319 monet
695 1257 841 1338 uterque,
857 1257 1018 1318 attentum
1037 1253 1142 1318 lacere
1153 1253 1332 1318 auditorem
1345 1256 1378 1318 ct
1389 1252 1527 1318 docilem

408 1398 473 1472 non
496 1376 646 1461 principii
680 1377 783 1462 magis
811 1376 977 1463 proprium
1008 1399 1076 1442 esse
1108 1398 1205 1462 quam
1228 1377 1428 1462 reliquarum
1452 1397 1532 1462 par·

408 1500 501 1565 tium.
516 1499 542 1586 ¹)
571 1499 623 1565 Sic
646 1500 753 1565 neutri
781 1499 961 1585 probatur,
984 1501 1070 1586 quod
1094 1499 1192 1588 vulgo
1218 1501 1343 1585 jubent,
1368 1505 1532 1566 oratorem
1668 1557 1669 1598 ᾖ

408 1624 537 1690 brevem
561 1646 628 1690 esse
652 1625 685 1688 in
709 1624 914 1702 narrando,²)
932 1629 965 1690 et
987 1626 1081 1710 plura
1092 1626 1125 1690 id
1138 1647 1250 1712 genus.
1274 1624 1360 1700 Quos
1382 1623 1473 1690 locos
1497 1629 1531 1690 et

408 1747 541 1833 longum
566 1750 614 1812 est
637 1770 746 1813 omncs
769 1770 967 1826 enumerare,
992 1748 1088 1814 etad
1110 1770 1210 1812 unum
1233 1748 1389 1814 omnesiu
1414 1747 1530 1834 vulga·

409 1871 534 1937 tissima
556 1872 672 1936 horum
696 1871 853 1937 librorum
882 1873 1022 1938 editione
1054 1871 1252 1936 Pideritiana
1275 1871 1450 1957 diligenter
1473 1892 1532 1935 no-

409 1997 497 2060 tatos
521 1996 659 2080 reperire
682 1996 818 2082 quisque
843 1999 959 2082 potest.
980 1995 1082 2062 Nobis
1103 1998 1212 2062 alitem
1234 1994 1344 2081 potius
1365 2017 1403 2060 ea
1426 1995 1533 2060 consi·

410 2119 574 2186 deratione
598 2121 697 2207 digna
709 2121 866 2200 videntur,
879 2143 961 2206 quae
982 2120 1023 2185 ad
1039 2120 1202 2205 propriam
1220 2118 1399 2184 doctrinam
1415 2118 1533 2184 horum

410 2242 565 2309 librorum
591 2245 765 2329 pertinent.

456 2366 523 2433 Nec
547 2368 656 2434 multis
683 2369 788 2435 verbis
812 2390 892 2453 opus
917 2369 989 2447 erit,
1016 2371 1053 2432 ut
1076 2387 1228 2454 magnam
1250 2366 1337 2432 inter
1362 2367 1532 2454 utriusque

411 2493 603 2558 sententiam
614 2493 789 2559 iudicemus
801 2493 1050 2558 consentionem.
1063 2491 1111 2556 De
1124 2514 1231 2556 rerum
1240 2490 1425 2578 cognitione
1434 2491 1531 2569 enim,

413 2638 494 2702 quae
521 2617 554 2681 in
584 2619 711 2683 oratore
737 2616 943 2703 postuletur,
970 2637 1100 2702 prorsus
1139 2616 1226 2680 inter
1258 2620 1432 2700 utrumque
1456 2638 1535 2700 con·
1670 2679 1671 2706 ,

414 2739 514 2806 venit.
549 2738 660 2807 Placet
686 2739 857 2807 Aristoteli
888 2740 1106 2818 rhetorum,
1144 2740 1211 2805 sive
1246 2739 1371 2806 dicendi
1407 2743 1533 2819 artem,

420 2870 567 2932 constare
590 2887 629 2930 ex
652 2866 785 2932 scicntia
808 2865 980 2951 analytica,
1003 2887 1100 2951 qusm
1112 2886 1180 2930 esse
1195 2867 1321 2949 partem
1340 2862 1538 2942 dialecticae,

417 2993 451 3054 et
463 3011 502 3054 ex
520 2990 654 3055 scientia
675 2990 770 3068 cirili,
794 3013 889 3077 qnam
903 2990 1023 3056 versari
1035 2989 1118 3056 circa
1134 3009 1249 3056 mores.
1269 2987 1320 3054 Ex
1342 2987 1404 3054 hac
1417 2993 1538 3070 ,autem

415 3114 454 3179 dc
487 3113 527 3178 iis
554 3113 668 3180 saltem
698 3115 819 3194 causis,
847 3115 886 3180 de
916 3114 1032 3198 quibus
1065 3113 1098 3178 iu
1129 3110 1336 3179 concionibus
1363 3111 1537 3179 deliberari

414 3236 511 3315 solet,
540 3242 644 3304 certas
677 3242 710 3304 et
742 3239 823 3304 fixas
853 3240 1027 3306 sententias
1061 3242 1222 3305 oratorem
1249 3236 1369 3302 habere
1404 3257 1535 3303 necesse

407 3383 492 3436 esse.
516 3362 603 3439 Quae
630 3363 760 3448 quidem
787 3368 979 3450 argumenta
1009 3364 1050 3430 ad
1072 3364 1215 3450 quinque
1238 3364 1386 3427 revocat:
1410 3360 1538 3427 delibe-

414 3485 551 3551 randum
574 3485 659 3550 enim
683 3507 750 3552 esse
772 3485 811 3552 dc
831 3486 995 3567 reditibus,
1015 3488 1053 3553 dc
1077 3487 1162 3554 bello
1182 3491 1215 3554 et
1230 3507 1331 3573 pace,
1355 3485 1393 3550 de
1416 3484 1539 3551 finibus

415 3609 639 3687 custodiendis,
651 3611 689 3676 de
699 3609 739 3675 iis
751 3634 833 3696 quae
845 3612 1063 3696 importantur
1073 3616 1106 3677 et
1117 3614 1340 3697 exportantur,
1357 3608 1397 3673 de
1408 3609 1539 3696 legum-

416 3733 547 3798 latione.
566 3735 593 3819 ³)
626 3733 746 3799 Eadem
769 3735 986 3812 continentur,
1010 3735 1072 3800 nisi
1095 3734 1205 3813 fallor,
1238 3735 1273 3800 in
1293 3733 1377 3819 juris
1401 3733 1540 3798 scientia

416 3856 536 3941 publici
559 3858 758 3943 privatique,
781 3859 815 3923 in
843 3859 1074 3942 antiquitatum
1102 3859 1257 3924 historiae
1283 3858 1392 3945 legum
1424 3857 1539 3945 cogni-

414 3980 514 4076 tione,
536 4002 615 4065 quas
638 3981 780 4047 Tullium
803 3987 970 4066 tantopere
993 3983 1113 4048 oratori
1136 3983 1272 4048 vidimus
1295 3981 1530 4049 commendare.

452 4215 480 4277 l)
501 4211 538 4267 De
557 4231 594 4268 or.
613 4213 645 4268 ll.
666 4217 727 4269 323.
748 4244 782 4252 -
800 4215 881 4268 Arist.
900 4216 967 4268 rhet.
985 4216 1004 4267 l.
1023 4213 1066 4268 lll.
1086 4233 1109 4268 c.
1128 4215 1172 4269 14.

452 4303 479 4370 2)
498 4301 537 4356 De
554 4320 592 4357 or.
611 4303 643 4358 11.
662 4307 723 4358 326.
743 4333 777 4341 -
796 4304 877 4358 Arist.
895 4305 963 4357 rhet.
981 4304 1000 4356 l.
1020 4300 1063 4371 lll,
1082 4320 1104 4357 c.
1125 4304 1168 4356 16.

452 4388 479 4460 3)
498 4390 578 4447 Anat.
597 4395 664 4447 rhet.
684 4394 702 4447 l.
721 4391 740 4446 1.
759 4409 782 4446 o.
803 4395 826 4445 4.
846 4391 862 4460 5
883 4395 907 4447 7.
925 4409 981 4465 sqq.
