3366 5206
963 567 1006 638 90

425 789 533 870 petere
556 784 669 862 voluit,
696 787 733 850 ut
756 786 926 870 appareret
948 780 1177 868 eloquentiam,
1201 804 1266 848 non
1288 782 1330 848 ob
1353 803 1469 848 causae
1492 781 1544 848 in·

425 908 623 986 firmitatem,
648 909 703 974 sed
725 913 857 994 propter
880 907 1023 992 ineptam
1045 907 1261 976 defensionem
1285 929 1353 972 esse
1376 906 1546 975 devictam.

426 1033 497 1109 Qua
527 1035 651 1098 ratione
680 1034 817 1117 putabat
841 1053 905 1097 non
929 1031 1022 1096 modo
1045 1031 1211 1114 antiquam
1234 1029 1325 1096 illam
1350 1032 1505 1100 invidiam
1529 1055 1549 1097 a

427 1157 562 1223 Platone
597 1156 797 1243 eloquentiae
831 1155 955 1222 illatam
992 1175 1154 1220 removere
1188 1176 1222 1219 se
1256 1177 1369 1238 posse;
1404 1155 1461 1220 sed
1494 1177 1549 1220 ve-

427 1280 593 1346 hementer
628 1280 725 1346 etiam
759 1280 829 1364 ipsa
857 1278 945 1346 illins
975 1277 1097 1365 dialogi
1131 1276 1351 1343 recordatione
1386 1299 1549 1343 commen-

427 1405 504 1470 dare
537 1405 590 1483 id,
626 1404 712 1491 quod
745 1403 882 1470 maxime
916 1404 1099 1488 spectabat:
1131 1400 1322 1467 »Neminem
1361 1400 1551 1484 eloquentia

429 1550 493 1594 non
534 1529 628 1593 modo
660 1529 728 1593 sine
763 1527 887 1593 dicendi
922 1528 1079 1604 doctrina,
1102 1526 1157 1590 sed
1180 1548 1219 1590 ne
1265 1525 1334 1591 sine
1357 1526 1445 1590 omni
1477 1527 1552 1611 qui-

428 1651 499 1718 dem
529 1651 688 1734 sapientia
715 1652 829 1716 florere
852 1672 993 1736 unquam
1021 1654 1055 1716 et
1082 1653 1245 1734 praestare
1273 1649 1450 1733 potuisse.”
1483 1649 1551 1720 Ne·

428 1776 534 1862 gando
546 1776 630 1840 enim
649 1774 859 1841 neeessariam
872 1797 940 1840 esse
954 1773 1120 1839 scientiam
1136 1795 1242 1838 rernm
1257 1773 1395 1858 Gorgias
1410 1773 1552 1858 turpiter

430 1899 662 1964 »succubuit'':
697 1897 830 1964 Crassus
853 1920 980 1964 causam
1003 1920 1094 1962 suam
1119 1921 1157 1963 eo
1179 1897 1320 1974 obtinet,
1352 1898 1438 1980 qnod
1464 1897 1550 1962 mul-

429 2027 535 2087 tarum
566 2028 663 2108 atque
696 2044 886 2110 magnarum
916 2043 1023 2086 rerum
1056 2020 1223 2086 scientiam
1249 2020 1402 2086 acerrime
1430 2021 1552 2086 oratori

430 2147 581 2213 vindicat.

473 2395 549 2461 Jam
572 2397 612 2460 ad
636 2395 773 2462 Phaedri
795 2394 1081 2460 considerationem
1104 2393 1182 2460 licet
1202 2393 1351 2458 transire.
1374 2391 1476 2477 Cujus
1489 2414 1552 2458 an·

431 2523 562 2604 tequam
598 2524 705 2605 partes
734 2519 878 2606 singulas
905 2517 1122 2604 attingamus,
1153 2521 1379 2604 argumentum
1409 2517 1552 2584 breviter

430 2665 561 2710 narrare
584 2643 781 2709 conabimur.
804 2641 895 2708 Adeo
918 2642 1003 2708 enim
1025 2640 1127 2706 libere
1153 2645 1187 2707 et
1209 2663 1310 2726 paena
1333 2639 1471 2708 licenter
1495 2664 1552 2708 ex·

430 2769 532 2834 currit
553 2768 669 2846 oratio,
692 2773 729 2832 ut
751 2766 879 2833 difficile
901 2765 944 2830 sit
959 2768 1062 2830 totam
1079 2764 1329 2850 disputationem
1341 2739 1448 2835 mente
1460 2788 1552 2832 oom-

430 2893 545 2978 plecti3
568 2916 672 2979 neque
695 2893 733 2958 de
755 2890 950 2957 connexione
971 2889 1204 2955 sententiarum
1227 2888 1451 2973 scriptionisve
1474 2911 1553 2974 pro-

429 3017 535 3101 posito
558 3021 608 3082 est
632 3039 696 3082 nna
713 3015 856 3082 omnium
869 3014 1039 3080 sententia.
1064 3053 1104 3062 -
1122 3013 1168 3079 Ut
1182 3012 1295 3100 igitur,
1315 3013 1391 3097 quid
1411 3012 1554 3079 voluerit

431 3140 547 3219 Plato,
579 3141 691 3206 statim
720 3144 908 3217 teneamus,
952 3139 1156 3204 observemus
1198 3137 1231 3202 in
1263 3137 1327 3202 fine
1366 3158 1554 3204 sermonum

430 3263 513 3328 inter
536 3262 715 3330 Phaedrum
739 3268 772 3328 et
794 3263 960 3330 Socratem
983 3265 1162 3340 convenire,
1185 3262 1256 3328 ideo
1272 3284 1326 3327 eos
1344 3261 1554 3344 disceptasse,

431 3383 519 3461 ὅπως
540 3382 580 3453 τὸ
602 3394 729 3454 Λυσίου
752 3382 780 3453 τ’
799 3387 922 3463 ὄνειδος
932 3376 1149 3472 'rectractare
1164 3389 1221 3474 τῆς
1232 3391 1296 3452 τῶν
1308 3384 1410 3469 λόγων
1426 3391 1555 3474 γραφῆς

431 3520 519 3601 πέρι,
553 3514 608 3577 καὶ
634 3505 753 3586 αὐτοὺς
787 3506 862 3588 τοὺς
897 3512 1021 3596 λόγους,
1056 3512 1089 3578 οἳ
1109 3520 1207 3601 τέχνῃ
1236 3512 1292 3576 καὶ
1320 3509 1400 3576 ἄνευ
1434 3516 1554 3598 τέχνης

429 3635 638 3725 γράφοιντο.”
655 3634 680 3722 ¹)
703 3635 873 3711 Quaeritur
896 3659 985 3723 ergo,
1009 3636 1086 3721 quid
1108 3634 1300 3701 censendum
1323 3633 1419 3697 sitde
1440 3633 1553 3700 studio

430 3761 543 3847 Lysiae
567 3764 831 3842 ceterorumque,
854 3762 908 3845 qni
931 3762 1171 3846 conscripserunt
1194 3757 1373 3834 orationes,
1405 3759 1437 3819 et
1467 3778 1554 3840 qnae

430 3887 473 3949 sit
492 3906 569 3949 vera
591 3882 714 3947 dicendi
737 3906 799 3948 ars.
822 3884 896 3949 Hae
914 3905 1024 3967 reapse
1044 3880 1555 3967 omniaquaedicnntur,qnam·

430 4009 478 4073 vis
500 4008 534 4071 in
556 4007 681 4071 diversa
704 4007 792 4072 abire
814 4007 992 4084 videantur,
1016 4005 1179 4070 commode
1203 4006 1339 4087 possunt
1363 4001 1488 4068 referri.

474 4131 648 4197 Exorditnr·
660 4135 765 4196 antem
779 4129 965 4213 disputatio,
981 4135 1055 4216 post
1070 4131 1165 4195 breve
1181 4125 1390 4213 prooemium,
1402 4127 1554 4197 oratione

465 4400 494 4465 l)
512 4397 627 4453 Phaedr.
646 4398 676 4453 P.
695 4401 747 4452 277
766 4399 796 4452 Β.
