3404 5198
966 585 1009 654 40

428 801 554 869 nullam
588 824 656 868 esse
684 805 785 868 artem
812 802 954 879 dicendi,
985 801 1011 865 si
1035 823 1088 865 ars
1118 801 1165 866 ita
1195 801 1367 866 definiatur
1389 805 1426 867 ut
1448 801 1548 887 paulo

428 931 505 992 ante
527 928 568 992 ab
592 926 744 991 Antonio.
774 925 851 990 »sin
875 931 1000 1004 autem,
1024 926 1143 1010 inquit,
1167 947 1205 990 ea
1227 947 1310 1010 quae
1333 926 1548 994 observantur

428 1050 463 1116 in
484 1073 543 1116 usu
567 1073 603 1116 ao
626 1051 818 1116 tractatione
840 1050 975 1128 dicendi,
999 1050 1077 1114 haec
1097 1050 1137 1114 ab
1162 1049 1344 1115 hominibus
1363 1050 1486 1115 callidis
1510 1073 1548 1116 ac
1660 1082 1662 1088 ’

428 1175 540 1259 peritis
567 1174 786 1240 animadversa
809 1197 845 1238 ac
868 1177 990 1252 notata,
1014 1174 1121 1239 verbis
1145 1175 1288 1252 definita,
1310 1175 1482 1261 generibus
1505 1175 1546 1240 il·

428 1299 587 1375 lustrata,
611 1299 755 1383 partibus
781 1297 953 1362 distributa
983 1300 1068 1374 suut,
1105 1296 1150 1382 (id
1174 1297 1259 1382 quod
1282 1298 1373 1363 video
1405 1299 1547 1383 potuisse

428 1422 510 1506 fieri)
533 1443 597 1486 non
621 1420 779 1508 intelligo,
805 1421 1012 1505 quamobrem
1041 1445 1127 1500 non,
1157 1423 1184 1486 si
1214 1422 1319 1486 minus
1349 1422 1406 1487 illa
1435 1422 1547 1488 subtili

428 1545 630 1622 definitione,
658 1551 692 1609 at
722 1544 783 1610 hac
806 1545 932 1632 vulgari
962 1546 1113 1631 opinione
1136 1568 1188 1611 ars
1211 1569 1279 1611 esse
1302 1547 1480 1612 videatur.''

474 1670 556 1734 Tum
578 1667 740 1734 Antonius
762 1669 969 1736 vehementer
988 1671 1136 1736 assentiri
1156 1694 1190 1736 se
1213 1671 1329 1737 Crasso
1351 1670 1438 1735 dicit.
1465 1670 1547 1736 »Sed

430 1794 588 1871 existimo,
610 1794 729 1876 iuquit,
751 1799 881 1880 gratum
904 1799 936 1859 te
959 1796 1021 1873 his,
1034 1795 1158 1873 Crasse,
1180 1795 1351 1872 facturum,
1372 1795 1399 1858 si
1414 1795 1477 1859 ista
1493 1817 1548 1859 ex-

428 1917 594 2002 posueris,
618 1939 700 2000 quae
722 1921 817 2000 putas
841 1919 881 1982 ad
903 1918 1070 1984 dicendum
1095 1919 1288 2004 plusquam
1316 1919 1417 2001 ipsam
1446 1922 1548 1982 artem

428 2063 520 2126 posse
532 2041 710 2125 prodesse.''
724 2041 858 2106 »Dicam
871 2042 1051 2126 equidem”,
1060 2043 1316 2125 inquitOrassus.
1331 2042 1462 2107 Initium
1476 2044 1546 2108 dein

429 2165 505 2230 lacit
528 2188 546 2229 a
569 2165 660 2230 donis
684 2168 829 2243 naturae,
853 2188 935 2250 quas
955 2170 1024 2230 arte
1048 2166 1178 2231 accendi
1194 2169 1252 2230 aut
1268 2166 1459 2231 commoveri
1474 2188 1547 2252 pos·

428 2289 503 2366 sint,
526 2288 623 2352 inseri
647 2311 712 2354 non
742 2288 883 2373 possint:
907 2289 1063 2354 celeribus
1085 2289 1205 2374 ingenii
1230 2289 1380 2368 motibus,
1393 2291 1546 2355 memoria

428 2412 533 2489 firma,
550 2411 680 2497 linguae
704 2411 876 2490 solutione,
900 2414 987 2478 vocis
1010 2435 1100 2489 sono,
1116 2411 1547 2490 lateribus,oonformaticne
1595 2408 1597 2412 ’

428 2537 565 2622 quadam
602 2539 634 2599 et
667 2536 772 2621 figura
806 2538 905 2602 totius
940 2538 1004 2603 oris
1036 2541 1069 2602 et
1091 2537 1243 2621 corporis,
1279 2537 1364 2603 Nam
1393 2538 1454 2603 etsi
1484 2561 1546 2604 nou

428 2661 462 2725 in
493 2682 562 2724 eam
594 2659 788 2724 sententiam
818 2659 983 2744 disputat,
1013 2665 1050 2725 ut
1078 2659 1223 2726 homines
1253 2659 1492 2742 adulescentes,
1520 2664 1547 2728 si

428 2784 506 2870 quid
534 2783 682 2848 naturale
704 2782 788 2848 lorte
811 2805 875 2847 non
902 2783 1053 2864 habeant,
1081 2785 1212 2850 omnino
1235 2787 1474 2865 deterreantur,
1496 2793 1546 2853 ta·

428 2932 500 2974 men
524 2907 621 2992 »quia
644 2906 683 2973 de
707 2910 834 2972 oratore
858 2909 1038 2991 quaerimus
1051 2908 1082 2985 ,”
1117 2909 1244 2993 inquit,
1278 2910 1469 2996 »fingendus
1499 2916 1547 2976 est

427 3032 520 3098 nobis
543 3030 687 3095 oratione
710 3034 820 3096 nostra
844 3032 995 3097 detractis
1030 3033 1177 3097 omuibus
1204 3033 1292 3098 vitiis
1316 3038 1424 3099 orator
1449 3039 1546 3120 atque

428 3156 514 3220 omui
547 3154 642 3218 laude
673 3154 885 3220 cumulatus’'.
919 3155 970 3220 Ad
1004 3155 1129 3222 felicem
1162 3179 1236 3223 vero
1271 3161 1419 3222 naturam
1454 3162 1544 3223 »stu-

426 3281 513 3346 dium
541 3283 574 3344 et
596 3277 740 3342 ardorem
769 3278 937 3363 quemdam
968 3280 1106 3345 amoris'’
1137 3280 1284 3346 accedere
1313 3281 1442 3359 debere,
1475 3283 1543 3359 sed,

426 3404 576 3491 quoniam
621 3401 748 3465 »studia
781 3401 865 3466 nihil
903 3403 1027 3486 prosint
1065 3403 1271 3488 perveniendi
1305 3402 1435 3486 aliquo,
1481 3405 1543 3470 nisi

424 3528 516 3605 illud,
537 3527 623 3611 quod
646 3547 683 3590 eo
706 3547 769 3608 quo
792 3526 939 3592 intendas
963 3527 1045 3591 ferat
1067 3527 1278 3612 deducatque,
1302 3527 1472 3613 cognoris''
1500 3568 1540 3577 —

426 3651 522 3719 tertio
546 3650 615 3714 loco
630 3648 670 3712 ad
693 3649 772 3714 artis
797 3655 966 3735 praecepta
989 3651 1125 3716 reditur:
1154 3651 1327 3716 rhetorices
1346 3675 1472 3718 summa
1489 3676 1541 3719 ca·

425 3776 493 3861 pita
514 3773 632 3857 raptim
654 3779 895 3857 percurruntur.
931 3775 979 3840 De
1008 3776 1099 3858 cujus
1129 3776 1233 3858 pretio
1256 3779 1289 3840 et
1312 3776 1456 3843 utilitate
1480 3778 1540 3843 hoc

421 3899 576 3984 judicium
600 3897 769 3981 profertur.
792 3897 850 3962 »Si
869 3898 951 3963 nihil
975 3899 1077 3963 dicam
1093 3898 1254 3982 adjuvare,
1268 3901 1414 3967 mentiar.
1432 3903 1539 3969 Habet

426 4022 509 4087 euim
533 4021 687 4107 quaedam
710 4023 800 4107 quasi
824 4024 863 4087 od
887 4023 1150 4088 commonendum
1175 4028 1348 4102 auctorem,
1368 4048 1433 4110 quo
1450 4027 1541 4110 quid·

425 4167 487 4231 que
517 4146 635 4210 referat
658 4149 690 4210 et
713 4169 776 4230 quo
797 4147 936 4222 intuens,
960 4147 1000 4210 ab
1023 4168 1070 4224 eo,
1094 4147 1315 4233 quodcumque
1338 4149 1399 4214 sibi
1423 4172 1539 4235 propo·

424 4271 525 4336 suerit
547 4270 653 4334 minus
675 4270 811 4335 aberret.
836 4269 954 4334 Verum
981 4293 1042 4355 ego
1065 4275 1175 4336 autern
1199 4272 1284 4336 hanc
1302 4271 1368 4335 vim
1391 4273 1538 4359 intelligo

425 4414 492 4459 esse
514 4394 547 4457 in
571 4393 749 4478 praeceptis
772 4393 942 4472 omnibus,
964 4415 1029 4458 non
1053 4398 1090 4458 ut
1113 4417 1151 4459 ea
1173 4395 1274 4460 secuti
1297 4399 1441 4472 oratores
1473 4396 1537 4462 elo-
