3404 5198
965 569 1011 666 a
1120 509 1124 518 ’

432 801 538 890 batur,
554 811 735 877 litterarum
755 815 852 896 atque
868 810 1080 876 humanitatis
1096 809 1236 876 studium
1254 807 1473 894 gratissimum
1485 807 1549 872 luit

430 937 624 1024 perfugium,
648 936 705 1000 ubi
725 940 760 1000 ct
780 935 906 1000 animus
929 957 968 998 ex
990 933 1178 1000 illoloreusi
1196 933 1334 1018 strepitu
1352 931 1546 1010 reficeretur,

431 1067 464 1126 et
475 1083 567 1126 aures
582 1061 732 1126 conviciis
748 1060 889 1125 defessae
901 1058 1172 1144 conquiescerent.
1187 1055 1214 1143 1)
1229 1055 1282 1121 Ita
1297 1059 1406 1122 autern
1421 1057 1546 1121 litteras

430 1184 566 1262 colebat,
589 1188 625 1248 ut
648 1206 713 1248 non
737 1184 829 1248 modo
852 1183 962 1248 amicis
977 1205 1152 1266 numquam
1173 1182 1305 1259 deesset,
1327 1181 1380 1245 sed
1409 1180 1546 1245 utillud

430 1308 535 1392 ipsum
560 1311 696 1392 tempus,
721 1308 807 1392 quod
830 1307 867 1373 ad
892 1307 971 1372 baec
994 1306 1100 1372 studia
1118 1305 1285 1372 recolenda
1307 1303 1369 1369 sibi
1391 1309 1545 1382 sumeret,

430 1454 493 1496 non
519 1432 580 1496 sibi
603 1431 662 1496 soli
685 1431 858 1516 prodesset.
878 1430 941 1496 Per
953 1434 1056 1496 totam
1075 1431 1175 1496 vitam
1188 1429 1360 1514 juvenibus
1376 1429 1546 1494 instituen-

431 1555 478 1619 dis
489 1577 619 1638 operam
632 1555 727 1622 dedit.
751 1555 895 1620 Maroum
906 1554 1053 1621 Coelium
1065 1535 1198 1632 Rufum,
1218 1575 1314 1639 quem
1329 1558 1440 1637 postea
1459 1553 1497 1618 de
1514 1553 1546 1618 vi

430 1678 580 1755 defendit,
604 1683 732 1762 praetor
743 1679 905 1744 assiduum
924 1701 1031 1744 secum
1048 1678 1225 1744 auditorem
1237 1676 1410 1751 habuerat;
1435 1677 1546 1742 statim

430 1802 515 1866 enim
534 1807 608 1886 post
619 1806 781 1887 sumptam
793 1802 917 1868 virilem
929 1806 1037 1888 togam
1050 1806 1171 1887 apatre
1182 1801 1224 1866 ad
1235 1801 1339 1886 ipsum
1352 1805 1421 1867 erat
1433 1800 1548 1866 deduc·

430 1931 492 1994 tus.
508 1925 535 2013 ²)
544 1925 623 2010 ,Ipso
635 1949 719 1991 anno
731 1949 805 1992 vero
818 1949 881 2012 quo
893 1927 1048 2011 scriptum
1060 1930 1108 1991 est
1120 1925 1347 1992 »deCratore'’
1358 1925 1431 2010 (qui
1443 1930 1492 1992 est
1505 1926 1545 1990 55

428 2071 459 2115 a.
477 2049 526 2135 C.)
549 2051 696 2116 audimus
714 2051 752 2115 de
771 2050 806 2114 Ρ.
821 2050 935 2115 Crasso
952 2050 1151 2116 adolescente
1168 2089 1208 2100 --
1225 2051 1361 2128 »nostra
1380 2051 1547 2136 inquibat

431 2174 493 2239 seis
505 2174 785 2242 studiosissimus.”
810 2172 835 2258 3)
854 2175 968 2240 Paucis
984 2179 1058 2258 post
1068 2175 1161 2240 annis
1177 2197 1288 2239 rursus
1308 2198 1438 2261 operam
1457 2198 1547 2240 suam

431 2297 553 2362 dedisse
575 2297 695 2382 legitur
719 2298 827 2362 Marco
850 2302 883 2362 et
906 2299 1039 2379 Publio,
1069 2300 1170 2365 Marci
1193 2299 1308 2364 Licinii
1340 2299 1449 2365 Crassi
1472 2301 1547 2365 filiis

431 2422 684 2488 adolescentulis.
710 2421 737 2509 4)
760 2421 877 2506 Atque,
901 2443 973 2488 cum
993 2423 1061 2507 jam
1072 2427 1157 2488 esset
1167 2424 1201 2488 in
1213 2424 1308 2489 unius
1319 2428 1480 2509 potestate
1498 2449 1546 2491 res

431 2547 562 2631 publica
577 2585 614 2594 -
633 2547 679 2610 ita
691 2547 758 2610 fere
770 2545 963 2610 Plutarchus
974 2546 1012 2610 de
1031 2547 1201 2631 postremis
1220 2546 1365 2614 Caesaris
1384 2550 1488 2629 aunis,
1505 2591 1544 2598 --

432 2670 604 2753 nullusque
622 2670 692 2754 jam
715 2673 799 2734 esset
821 2670 881 2754 ipsi
906 2673 1029 2737 dicendi
1059 2671 1167 2750 locus,
1198 2672 1452 2739 adolescentibus
1481 2675 1545 2740 elo·

433 2796 581 2880 quentiae
604 2795 753 2860 studiosis
777 2795 854 2860 adeo
878 2791 911 2860 se
936 2795 1084 2874 tradidit,
1115 2801 1153 2861 ut
1182 2818 1255 2861 uum
1278 2797 1339 2861 sibi
1362 2799 1547 2884 praecipuos

432 2919 649 2996 Caesarianos,
674 2919 887 2998 Dolabellam,
912 2920 1072 2999 Pisonem,
1095 2919 1240 2984 Hirtium
1264 2921 1426 2988 auditores
1438 2924 1549 2988 devin-

432 3044 548 3121 risset,
570 3065 679 3108 eorum
703 3045 930 3108 consuetudine
954 3045 1051 3109 etiam
1078 3049 1155 3109 tunc
1176 3044 1355 3128 plurimum¹
1375 3046 1408 3110 in
1431 3069 1466 3112 re
1488 3071 1547 3133 pu·

432 3167 518 3234 blica
540 3168 670 3233 valeret.
696 3167 722 3255 ⁵)

478 3271 622 3377 Apparet
645 3315 664 3356 a
688 3293 807 3357 talibus
830 3294 973 3359 moribus
996 3293 1128 3358 minime
1151 3293 1547 3380 alienumesse,opportu·

434 3441 511 3484 num
533 3419 635 3482 otium
659 3419 686 3482 si
709 3419 835 3502 quaudo
856 3419 999 3496 daretur,
1019 3419 1140 3504 scripto
1159 3439 1288 3502 quoque
1307 3419 1432 3485 dicendi
1456 3421 1548 3486 disci·

434 3533 555 3628 plinam
584 3542 760 3626 explicare:
784 3544 954 3608 accedebat
984 3548 1112 3621 autem,
1132 3545 1219 3627 quod
1246 3545 1439 3610 domesticae
1474 3568 1548 3612 con·

430 3669 568 3734 ditiones
590 3689 654 3731 non
678 3669 818 3753 segniter
841 3668 880 3732 ad
904 3668 986 3732 banc
1010 3667 1216 3753 scriptionem
1239 3669 1432 3735 excitabant.

477 3792 552 3856 dam
577 3792 659 3856 enim
683 3796 717 3856 et
738 3791 867 3857 Marcus
891 3792 1010 3858 filiolus
1032 3793 1102 3877 ejus
1126 3795 1333 3862 suavissimus
1356 3798 1389 3860 et
1412 3793 1547 3870 Quintus

432 3974 593 3982 ———-—-.--

469 4081 497 4144 l)
516 4079 569 4133 Cfr.
588 4097 637 4148 pro
655 4079 754 4133 Archia
772 4083 815 4133 lt.

469 4170 497 4232 2)
515 4167 567 4222 Pro
587 4168 677 4222 Coelio
693 4168 736 4222 lV.
757 4171 782 4222 9.

468 4256 796 4323 &MCCRCQ

469 4349 495 4408 4)
515 4345 558 4399 Ad
574 4347 638 4415 fam.
657 4345 689 4399 V.
710 4348 734 4398 8.

469 4435 497 4502 b)
515 4432 584 4490 Plut
604 4435 649 4488 rit.
669 4432 723 4488 Cic.
743 4451 766 4490 c.
785 4436 827 4488 40.
846 4435 879 4488 cf.
899 4433 1008 4498 Quintil.
1028 4432 1090 4500 llll,
1105 4435 1137 4490 ll
1159 4439 1185 4490 ot
1203 4436 1238 4498 ad
1255 4435 1318 4492 lane.
1337 4432 1447 4496 lX..ld.
1533 4487 1535 4494 ,
