3366 5206
921 551 1011 649 'os

432 793 614 880 quaerimus
649 792 725 879 quid
759 817 858 861 unum
881 794 1018 861 excellat
1045 817 1083 860 ox
1108 793 1279 874 omnibus,
1313 794 1407 860 docto
1428 794 1553 860 oratori

432 917 540 1002 palma
560 918 664 982 danda
676 922 741 994 est;
765 940 859 1002 quem
876 918 903 982 si
915 918 1084 1001 patiantur
1096 918 1231 984 eundem
1243 917 1554 1003 essephilosophum

432 1041 558 1106 sublata
565 1043 781 1112 controversia
792 1041 873 1106 est.”
889 1041 915 1127 1)
931 1041 1074 1125 Denique
1086 1041 1170 1105 sicut
1181 1039 1347 1106 aPhaedri
1359 1062 1554 1107 commemo-

431 1163 555 1230 ratione
574 1165 783 1230 exordiantor
799 1163 834 1230 hi
850 1185 1023 1241 sermones,
1040 1163 1073 1229 in
1086 1184 1125 1227 ea
1140 1178 1267 1247 quoque
1286 1163 1421 1240 finiunt;
1440 1163 1554 1228 laudes

432 1287 516 1356 enim
552 1287 738 1366 Hortensii,
774 1290 811 1353 ut
830 1289 897 1371 jam
929 1308 1026 1370 supra
1055 1285 1256 1364 notavimus,
1279 1261 1564 1372 praedicationem*

431 1410 581 1476 Isocratis
605 1411 783 1478 imitantur.
1550 1387 1574 1396 Η

477 1533 560 1599 Sunt
582 1533 660 1600 haec
682 1535 759 1613 fere,
781 1535 815 1600 in
838 1533 954 1618 quibus
977 1532 1122 1598 Platonis
1145 1531 1228 1597 liber
1252 1532 1415 1598 Phaedrus
1438 1539 1472 1598 et
1493 1533 1555 1598 Di·

431 1656 519 1743 alogi
542 1655 580 1721 de
603 1655 739 1724 Oratore
762 1657 846 1722 inter
871 1678 905 1722 se
928 1660 1126 1743 congruunt,
1156 1656 1184 1720 si
1208 1656 1345 1740 formam
1368 1661 1497 1720 tantum
1522 1659 1556 1721 et

432 1778 644 1846 elocutionem
667 1786 857 1864 spectamus.
880 1779 971 1854 Quod
996 1779 1024 1845 si
1045 1779 1222 1844 sententias
1238 1783 1271 1844 et
1287 1779 1464 1845 doctrinam
1478 1801 1572 1864 con·¹

432 1902 624 1971 sideramus:
655 1904 857 1988 perspicuum
880 1906 929 1968 est
960 1903 1009 1981 id,
1035 1903 1121 1987 quod
1142 1904 1227 1986 apud
1250 1901 1434 1968 Ciceronem
1457 1907 1570 1987 caput*

432 2031 494 2092 est:
519 2026 698 2094 »neminem
721 2026 904 2111 eloquentia
926 2027 995 2091 sine
1018 2027 1105 2090 omni
1121 2028 1249 2111 quidem
1265 2028 1425 2112 sapientia
1440 2027 1556 2093 florere

433 2169 573 2232 unquam
595 2154 628 2214 et
646 2155 809 2235 praestare
829 2149 1004 2233 potuisse'’,
1029 2189 1068 2198 -
1094 2149 1198 2215 multo
1221 2151 1326 2216 acrias
1348 2152 1381 2216 in
1405 2150 1556 2218 Phaedro

431 2291 527 2354 quam
544 2270 578 2336 in
596 2271 716 2358 Gorgia
739 2272 874 2339 defendi.
899 2272 983 2338 Nam
1006 2273 1040 2338 in
1062 2272 1119 2338 illo
1136 2274 1266 2359 quidem
1288 2274 1416 2362 dialogo
1437 2275 1476 2355 ii,
1497 2276 1557 2360 qni
1673 2277 1674 2308 ¹

431 2391 645 2476 eloquentiam
657 2395 807 2460 scientiae
819 2402 982 2482 expertem
1006 2398 1191 2476 defendunt,
1215 2401 1273 2462 aut
1296 2403 1478 2484 arguuntur
1502 2399 1554 2463 in-

431 2516 631 2582 constantiae
654 2521 711 2582 aut
733 2541 851 2603 pravae
874 2521 1133 2606 perniciosaeque
1162 2519 1558 2590 facultatiscommenda-

424 2638 517 2718 ‚tione
539 2640 786 2720 convincentem
807 2643 842 2708 in
866 2645 926 2710 hoc
949 2667 1023 2710 vero
1044 2643 1154 2710 multis
1171 2644 1349 2710 rationibus
1372 2643 1556 2709 ostenditur

423 2785 528 2848 ¹quam
544 2770 738 2830 necessariae
762 2767 827 2832 sint
842 2768 1110 2854 philosophorum
1126 2767 1360 2851 inquisitiones,
1373 2769 1411 2829 ut
1423 2765 1559 2831 omnino

430 2885 639 2970 probabiliter
662 2887 751 2972 loqui
775 2895 807 2955 et
819 2892 1008 2975 persuadere
1020 2892 1092 2976 quis
1111 2891 1224 2976 possit.
1248 2889 1324 2955 Ideo
1341 2889 1426 2974 quod
1442 2888 1559 2954 Cicero
1578 2943 1582 2950 .

426 3008 564 3087 totiens,
590 3008 670 3075 alias
693 3011 765 3076 aliis
788 3014 906 3092 verbis,
928 3017 1119 3098 pronunciat
1142 3014 1360 3091 »Orationem
1384 3013 1560 3078 siresnon

424 3133 535 3206 subsit
559 3134 601 3198 ab
622 3139 750 3202 oratore
773 3144 925 3229 percepta
948 3144 980 3204 et
1004 3140 1148 3225 cognita,
1170 3143 1227 3203 ant
1250 3136 1339 3202 nulla
1361 3138 1405 3202 sit
1426 3157 1559 3202 necesse

432 3279 499 3324 asse
515 3261 572 3322 aut
584 3257 725 3322 omnium
738 3258 884 3323 irrisione
904 3260 992 3324 ludi”
1007 3298 1046 3309 —
1059 3263 1090 3326 id
1103 3283 1235 3346 prorsus
1252 3261 1399 3326 convenit
1416 3281 1489 3326 cum
1507 3282 1558 3365 eo,
1673 3229 1674 3288 l

433 3379 518 3463 quod
537 3379 631 3445 Plato
654 3382 907 3464 respondendum
931 3405 999 3449 esse
1021 3384 1219 3452 demonstret
1243 3384 1283 3448 ad
1307 3385 1391 3449 hanc
1413 3383 1559 3467 quaesti·
1673 3449 1674 3480 ,

425 3523 542 3568 onem:
556 3497 624 3588 Ἆρ’
637 3490 696 3568 οὖν
713 3497 876 3592 ὑπάρχειν
887 3510 939 3571 δεῖ
953 3515 1020 3580 τοῖς
1033 3494 1070 3574 εὖ
1083 3531 1118 3589 γε
1133 3507 1188 3574 καί
1199 3509 1302 3580 καλῶς
1314 3507 1560 3594 ῥηθησομένοις
1673 3565 1674 3588 ,

432 3618 492 3712 τὴν
530 3630 591 3693 τοῦ
625 3628 774 3708 λέγοντος
808 3629 956 3698 διάνοιαν
992 3631 1118 3728 addetur
1151 3625 1296 3720 τάληθὲς
1333 3615 1376 3695 ὧν
1400 3622 1442 3695 ἂν
1465 3622 1560 3715 ieeur

433 3754 512 3834 πέρι
534 3749 656 3837 μέλλῃς
679 3749 705 3836 2)
1673 3741 1674 3748 ¹

405 3863 429 3938 ¹.
476 3870 521 3936 Et
549 3871 633 3938 siout
654 3873 750 3938 Plato
774 3876 934 3954 ostendit,
957 3882 1060 3944 artem
1088 3879 1186 3957 illius,
1210 3879 1266 3963 qui
1292 3878 1471 3944 animorum
1498 3900 1559 3943 na·
1673 3847 1674 3928 l

433 3999 523 4062 toras
547 3999 580 4061 et
602 3999 830 4082 propensiones
854 4005 886 4064 et
910 4021 1013 4066 mores
1032 4001 1171 4086 ignoret,
1190 4001 1223 4065 id
1241 3999 1558 4085 quodexpetitcon·
1673 3989 1674 4020 ¹

433 4119 525 4203 sequi
552 4141 617 4184 non
650 4143 764 4204 posse,
797 4123 1053 4207 quandoquidem
1087 4124 1210 4189 dicendi
1245 4124 1324 4189 artis
1351 4124 1393 4192 eit
1429 4122 1559 4188 animos

1673 4215 1674 4242 l

434 4279 594 4292 m

469 4387 496 4452 ν)
514 4385 554 4442 oe
571 4385 616 4444 or.
634 4387 676 4443 111.
695 4391 756 4445 rm.
776 4417 809 4428 -
826 4388 857 4444 Ρ.
875 4392 926 4446 ms
946 4390 974 4446 c.
993 4395 1021 4466 a
1037 4390 1067 4448 Ρ.
1086 4351 1140 4450 ,aaa
1159 4390 1189 4448 a.
1210 4353 1243 4432 έ-
1261 4391 1301 4447 oe
1313 4344 1366 4450 ‚oe
1384 4389 1408 4448 1.
1425 4391 1468 4448 50.
