3366 5206
977 556 1021 629 96

439 780 653 867 Consequitur
676 779 761 866 apud
785 783 958 861 utrumque
981 776 1126 842 definitio
1149 775 1248 854 illius,
1277 775 1315 842 de
1342 798 1406 861 quo
1429 774 1559 863 agitur:

439 907 587 972 Socrates
611 927 751 970 amorem
774 903 907 980 definit,
935 901 1099 967 Antonius
1120 924 1195 968 vero
1218 900 1432 968 ›oratorem”.

484 1029 567 1094 Oum'
600 1034 707 1093 autem
741 1049 780 1092 ex
818 1027 879 1104 iis,
914 1048 996 1110 quac
1030 1030 1106 1090 sunt
1128 1026 1167 1091 de
1189 1047 1297 1091 amore
1319 1024 1487 1102 sensibili,
1519 1063 1559 1073 -

439 1175 498 1236 pro
526 1151 707 1235 argumenti
734 1149 921 1214 diversitate
949 1187 990 1197 —
1014 1169 1080 1212 uon
1106 1147 1200 1213 facile
1227 1147 1354 1214 Tullius
1388 1149 1560 1234 quicquam

439 1275 583 1360 potuerit
605 1295 777 1351 assumere,
795 1273 865 1357 jam
886 1272 927 1336 ad
949 1293 1127 1336 sermonem
1149 1272 1294 1352 tertium,
1316 1273 1372 1356 qui
1396 1277 1445 1338 est
1458 1273 1559 1338 desa·

439 1399 559 1485 pientis
570 1420 690 1475 amore,
708 1395 845 1462 transire
856 1394 942 1461 licet.
966 1395 1027 1471 Qui
1042 1396 1111 1460 sine
1121 1396 1218 1463 dubio
1230 1399 1298 1482 ejus
1316 1399 1417 1464 monti
1431 1403 1560 1483 praesto

440 1528 509 1590 erat
531 1545 603 1589 cum
626 1521 827 1607 eloquentiae
850 1519 1001 1585 studiosis
1023 1523 1098 1585 ante
1121 1521 1402 1588 omniasstudium
1419 1523 1560 1588 otardo-

441 1670 508 1713 rem
531 1646 700 1731 quemdam
723 1644 861 1710 amoris''
885 1643 1109 1708 assumendum
1132 1643 1260 1710 diceret.
1296 1645 1378 1721 Quid
1401 1651 1451 1711 est
1474 1647 1561 1711 enim

439 1769 520 1836 illud
543 1771 606 1835 nisi
629 1767 687 1834 illa
709 1762 844 1856 ἐρωτικὴ
865 1774 968 1852 μανία
991 1790 1074 1853 quae
1097 1789 1135 1832 ex
1159 1769 1304 1833 Platonis
1328 1771 1487 1835 sententia
1511 1775 1561 1835 est

441 1894 544 1988 omnis
568 1892 744 1978 sapientiae
767 1891 982 1977 principium?
1003 1892 1029 1978 ¹)

486 2016 531 2081 ut
564 2038 637 2081 cum
673 2017 751 2082 baec
785 2016 958 2081 scriberet:
996 2038 1111 2100 »saepe
1143 2016 1250 2082 audivi
1277 2021 1405 2101 poetam
1439 2019 1561 2084 bonum

425 2125 601 2205 ¹neminem
620 2139 666 2223 (id
690 2140 776 2223 quod
799 2162 818 2204 a
835 2139 1018 2206 Democrito
1030 2145 1063 2205 et
1077 2139 1210 2205 Platone
1225 2141 1258 2205 in
1270 2138 1399 2226 scriptis
1411 2139 1560 2208 relictum

441 2286 509 2329 esse
531 2263 654 2343 dicunt)
672 2263 741 2329 sino
763 2264 1016 2329 inflammatione
1032 2264 1212 2330 animorum
1235 2266 1387 2332 exsistere
1410 2288 1505 2351 posse
1528 2270 1560 2332 et

442 2391 510 2455 sine
519 2388 656 2475 quodam
664 2387 778 2454 afflatu
786 2388 1037 2473 quasifuroris”‚
1050 2363 1277 2454 recordabatur
1286 2395 1372 2456 certe
1381 2390 1479 2476 hujus
1488 2390 1560 2458 loci:

443 2509 476 2588 ὅς
499 2507 575 2592 δ”ἂν
592 2512 671 2579 ἄνευ
695 2518 814 2596 μανίας
837 2517 982 2578 Μουσῶν
1004 2509 1062 2578 ἐπὶ
1081 2508 1381 2602 ποιητικὰςθύρας
1403 2508 1561 2603 ἀφίκηται

371 2611 372 2615 ¹
442 2642 595 2710 πεισθείς
628 2629 669 2710 οἷς
692 2631 744 2722 ἄρ’
769 2630 805 2702 ἔκ
821 2643 935 2725 τέχνης
959 2628 1066 2710 ἱκανὸς
1089 2632 1227 2727 ποιητὴς
1254 2638 1421 2724 ἐσόμενος,
1444 2632 1561 2727 ἀτελὴς

442 2757 539 2836 αὐτός
549 2785 587 2828 τε
601 2761 658 2828 καὶ
674 2754 693 2850 ἦ
712 2768 843 2851 ποίησις
866 2754 998 2850 ὑπὸτῆς
1018 2767 1083 2828 τῶν
1105 2771 1313 2848 μαινομένων
1336 2756 1426 2851 ἢτοῦ
1438 2783 1560 2851 σωφρο-

441 2892 575 2960 νόονσος
586 2880 763 2974 ἠφανίσθη.
779 2887 806 2971 ²)
818 2927 859 2935 -
873 2885 986 2970 Neque
998 2887 1094 2952 etiam
1107 2887 1186 2954 baec
1201 2888 1335 2954 fortuito
1347 2888 1559 2954 conveniunt:

443 3011 520 3102 ὄψις
540 3005 600 3097 γὰρ
616 3004 694 3098 ἡμῖν
707 3005 844 3099 ὀξυτάτη
855 3015 920 3078 τῶν
931 3005 984 3076 διὰ
996 3016 1056 3076 τοῦ
1068 3010 1217 3096 σώματος
1229 3010 1360 3100 ἔρχεται
1375 3011 1561 3100 αἰσθήσεων

443 3141 491 3204 et:
506 3134 717 3200 »acerrimum
729 3138 836 3200 autem
848 3157 887 3200 ex
905 3135 1052 3202 omnibus
1065 3135 1183 3200 nostris
1196 3136 1341 3202 sensibus
1353 3159 1420 3202 esse
1432 3159 1560 3202 sensum

442 3259 601 3324 videndi.”
617 3258 706 3323 Idem
729 3259 814 3324 enim
838 3259 959 3326 dictum
982 3259 1047 3327 olio
1066 3258 1275 3325 locoTullius
1297 3260 1413 3324 diserte
1430 3259 1560 3326 Platoni

442 3359 567 3448 tribuit
581 3383 714 3448 auctori.
730 3382 757 3468 3)
782 3384 1076 3449 Animadvertimus
1093 3387 1268 3468 praetereo,
1284 3385 1369 3468 apud
1388 3389 1561 3470 utrumque

441 3599 470 3651 in
488 3598 657 3668 quaerendo,
675 3614 744 3667 quse
763 3599 807 3651 ria
824 3598 940 3667 qusdsm
959 3599 985 3650 et
1005 3598 1108 3650 ratione
1125 3596 1256 3664 habetur,
1275 3598 1359 3650 oratio
1377 3598 1560 3666 praescribere

441 3689 556 3757 primum
571 3686 659 3754 debet,
677 3691 708 3740 ut
725 3687 885 3756 quibusdam
901 3688 929 3740 in
941 3687 1062 3740 formulis
1083 3702 1130 3739 »es
1148 3702 1192 3739 res
1209 3685 1331 3755 agetur”‚
1350 3690 1387 3753 ut,
1406 3687 1478 3739 inter
1495 3701 1560 3755 quos

441 3777 594 3841 disseritur,
617 3777 759 3828 conveniet
776 3775 841 3845 quid
865 3777 900 3828 sit
923 3775 964 3841 id,
989 3775 1023 3828 de
1047 3791 1100 3844 quo
1127 3774 1281 3828 disseratur.
1307 3771 1363 3827 lico
1385 3778 1506 3840 positum
1532 3778 1557 3826 r'n

441 3866 562 3917 Phaedro
581 3882 598 3916 α
615 3867 725 3916 Platone
743 3864 866 3933 probarit
888 3863 1018 3933 Epicurus
1044 3865 1179 3932 sensitque
1196 3864 1225 3916 in
1243 3865 1315 3916 omni
1334 3863 1515 3932 disputatione
1533 3863 1559 3915 id

441 3953 499 4007 fieri
517 3957 646 4022 oportere.
677 3952 731 4007 Sed
748 3954 821 4022 quod
839 3955 989 4023 proximum
1008 3953 1059 4005 tuit
1080 3969 1134 4005 nou
1159 3952 1235 4018 vidit;
1263 3956 1344 4021 nogat
1362 3953 1433 4005 cuim
1456 3952 1560 4007 definiri

440 4057 498 4095 rem
516 4043 631 4111 plaeere,
650 4043 707 4096 sine
725 4059 778 4112 quo
796 4043 854 4097 fiori
872 4043 1006 4096 interdum
1024 4059 1078 4094 non
1095 4044 1183 4110 potest
1202 4044 1232 4094 ut
1249 4042 1319 4094 iuter
1337 4057 1391 4108 eos,
1410 4041 1458 4110 qui
1475 4041 1558 4095 ambi·

441 4133 516 4200 gunt,
534 4131 684 4199 conveniat,
700 4131 765 4201 quid
783 4132 818 4184 sit
835 4131 864 4184 id
883 4131 917 4185 de
935 4147 988 4200 quo
1006 4129 1130 4200 agetur.”

476 4217 505 4286 1)
523 4218 554 4274 P.
571 4221 625 4274 265
643 4219 673 4272 B.
692 4249 727 4258 -
745 4219 785 4276 De
803 4218 848 4274 Or.
867 4217 887 4274 I.
906 4221 967 4274 134.

477 4307 504 4376 2)
522 4308 551 4362 P.
570 4311 623 4362 stt
642 4307 674 4364 Α.
694 4337 727 4347 -
745 4308 786 4365 De
804 4307 848 4363 Or.
867 4307 900 4364 11.
918 4311 980 4363 194.

478 4396 505 4474 3)
523 4397 554 4456 Ρ.
572 4399 625 4456 250
640 4397 673 4455 D.
695 4427 727 4438 -
745 4397 785 4456 De
804 4396 849 4456 Or.
867 4397 899 4455 11.
918 4400 970 4456 ³57
988 4399 1022 4455 ot.
1040 4399 1073 4455 de
1091 4397 1151 4454 Fin.
1169 4396 1201 4455 ΙΙ.
1222 4399 1265 4456 52.
