3404 5198
700 595 741 663 lt

165 814 326 900 giendum.
346 813 416 878 Hoc
428 835 499 878 cum
515 835 615 877 unum
634 813 816 877 traderetur
832 814 864 875 et
876 832 947 874 cum
961 812 1175 895 impudentiae
1187 812 1282 877 ludus

166 943 260 1016 esset,
276 938 387 1023 putavi
399 961 466 1008 esse
479 936 618 1003 censoris
630 958 670 1001 ne
681 935 811 1021 longius
828 935 860 999 id
880 937 1020 1018 serperet
1042 933 1239 1017 providere.”
1255 935 1282 1021 ¹)

167 1061 225 1127 Cn.
252 1061 412 1126 Domitius
438 1060 670 1127 Ahenobarbus
694 1065 726 1122 et
752 1058 788 1122 L.
813 1058 953 1122 Licinius
977 1055 1110 1122 Crassus
1133 1081 1217 1123 anno
1240 1061 1282 1123 92

167 1186 307 1250 edictum
329 1185 410 1250 illud
433 1184 611 1250 censorium
637 1183 695 1247 »de
718 1182 897 1248 coercendis
929 1181 1109 1247 rhetoribus
1137 1183 1282 1247 Latinis”

167 1313 411 1394 proposuerunt.
443 1309 535 1385 Quod
557 1313 665 1373 tamen
687 1328 790 1391 neque
818 1329 927 1371 eorum
950 1305 1041 1370 ludos
1064 1307 1191 1390 penitus
1214 1330 1284 1372 sus-

167 1432 245 1496 tulit
275 1471 315 1480 -
341 1431 435 1495 multi
465 1432 550 1494 enim
585 1431 682 1494 etiam
710 1431 800 1495 fuere
822 1435 934 1514 postea
967 1471 1007 1480 -
1036 1453 1138 1515 neque
1173 1454 1283 1497 eorum

168 1555 356 1620 instituendi
377 1577 478 1640 genus
497 1577 691 1641 magnopere
702 1555 893 1618 immutavit.
918 1555 1168 1631 Querelaeenim
1180 1558 1285 1622 Taciti

168 1679 202 1743 iu
226 1701 284 1743 suo
308 1677 436 1764 dialogo
459 1676 617 1742 Tullianis
640 1683 716 1743 sunt
733 1678 930 1743 simillimae:
956 1680 1106 1762 equibus
1125 1682 1202 1746 satis
1224 1683 1285 1747 erit

170 1803 250 1867 haee
272 1824 374 1887 pauca
397 1802 525 1867 afferre:
549 1802 798 1867 »adolescentuli
817 1803 939 1867 nostri.
954 1852 961 1867 .
976 1851 1005 1868 ..
1030 1805 1230 1870 deducuntur
1250 1807 1285 1871 in

169 1927 315 2006 scholas,
337 1927 371 1991 in
395 1927 511 2010 quibus
535 1948 599 1991 nou
630 1925 724 1990 facile
752 1926 904 2005 dixerim,
929 1931 1077 1992 utrumne
1099 1928 1185 1993 locos
1208 1929 1285 2012 ipse,

170 2075 213 2117 en
236 2052 454 2136 condiscipuli,
482 2074 523 2115 an
546 2071 649 2137 genus
671 2051 851 2115 studiorum
874 2052 947 2134 plus
971 2051 1047 2115 mali
1071 2053 1208 2138 ingeniis
1231 2053 1288 2116 ad·

170 2177 308 2241 ferant’'.
323 2177 349 2264 ²)
373 2174 421 2239 Aa
445 2175 608 2241 verissime
631 2175 757 2257 quidem
782 2176 922 2240 affirmat
934 2176 1057 2242 Cicero:
1071 2177 1286 2262 eloquentiam

171 2301 333 2366 Romanos
359 2300 506 2365 celeriter
530 2322 597 2364 esse
617 2298 795 2382 amplexos;
815 2300 950 2364 sednon
963 2296 1085 2366 minore
1097 2303 1166 2385 jure
1178 2303 1287 2368 eodem

171 2424 243 2490 loeo
265 2424 345 2489 illud
370 2423 534 2509 deplorat:
559 2424 606 2488 ita
629 2423 777 2488 celeriter
790 2424 912 2489 venisse
925 2424 964 2488 ad
980 2446 1151 2504 summum,
1170 2431 1207 2490 ut
1218 2427 1287 2510 jem

172 2571 246 2614 mox
269 2549 411 2634 deperire
435 2549 606 2613 videretur.
632 2547 658 2634 3)

216 2674 434 2758 Maximopere
457 2674 559 2760 igitur
583 2678 728 2756 tempora
751 2673 979 2757 postulabant,
1001 2679 1038 2739 ut
1061 2675 1199 2740 Romani
1221 2687 1286 2741 non

171 2820 192 2863 a
214 2797 407 2863 Phormione
431 2799 568 2883 quodam
596 2785 873 2881 impudentissimo
903 2799 999 2863 seda
1023 2801 1215 2884 peritissimo
1238 2802 1285 2865 di-

172 2923 264 2987 cendi
288 2923 442 3009 magistro
466 2924 504 2987 de
527 2923 729 3006 eloquentiae
753 2923 812 2986 viis
836 2922 1052 3018 edocerentur.
1081 2925 1162 3001 Quid
1184 2926 1286 3012 igitur

170 3046 305 3112 Cicero?
328 3047 415 3122 Quae
439 3047 609 3112 necessitas
633 3047 792 3111 neminem
812 3047 966 3133 fugiebat,
979 3047 1019 3111 ad
1035 3050 1165 3114 eandem
1179 3050 1286 3115 suble-

171 3171 318 3249 vandam,
331 3173 474 3256 profecto
488 3173 556 3236 lieri
565 3194 627 3237 non
640 3173 747 3255 potuit
759 3173 836 3257 quin
846 3173 914 3256 ejus
924 3172 1072 3237 voluntas
1082 3172 1286 3239 vehementer

170 3296 370 3362 incitaretur.
394 3297 481 3362 Satis
504 3297 588 3361 enim
612 3300 749 3373 constat,
773 3319 792 3360 a
814 3319 913 3380 puero
937 3319 1008 3362 eum
1034 3318 1096 3361 non
1120 3297 1213 3362 modo
1237 3298 1285 3361 di-

171 3420 261 3485 cendi
284 3420 338 3484 sed
361 3422 503 3485 omnium
527 3421 708 3486 litterarum
732 3422 997 3487 exercitationum
1017 3421 1285 3486 studiosissimum

170 3543 277 3609 fuisse.
302 3545 401 3620 Quem
425 3550 579 3630 perpetuo
598 3548 664 3611 fere
686 3553 719 3611 et
741 3548 874 3640 ambitio
897 3551 929 3611 et
948 3549 1121 3611 amicorum
1143 3547 1286 3631 pericula

171 3672 204 3734 et
228 3668 275 3733 rei
290 3669 437 3753 publicae
460 3678 643 3755 praesentes
662 3674 867 3737 necessitates
895 3696 914 3737 a
937 3673 1099 3738 Musarum
1126 3675 1286 3739 consortio

169 3793 202 3858 in
227 3792 332 3858 lorum
355 3796 566 3861 revocabant:
590 3797 691 3862 eidem
715 3797 863 3881 quotiens
887 3798 1122 3884 aliquantulum
1147 3800 1206 3864 otii
1229 3801 1284 3864 da·

170 3973 330 3984 m.

204 4080 232 4149 l)
251 4079 291 4138 De
309 4080 354 4137 Or.
373 4081 417 4137 Ill.
436 4085 478 4138 94.

204 4170 232 4240 t)
249 4171 319 4226 Disl.
339 4173 372 4226 de
389 4171 461 4227 Orat.
479 4174 522 4227 35.

204 4260 231 4327 3)
250 4260 305 4315 cn.
324 4262 357 4315 de
375 4260 448 4316 Orat.
466 4262 510 4317 Ill.
530 4265 583 4318 136
604 4261 697 4319 »Nunc
720 4265 840 4337 plerlque
858 4265 894 4322 ad
912 4266 1026 4323 honores
1047 4265 1233 4339 adipiscendos
1254 4274 1281 4324 et

168 4349 202 4404 sd
220 4355 278 4404 rem
296 4351 432 4419 publicam
453 4354 597 4422 gerendam
623 4357 688 4408 nudi
708 4359 816 4410 veniunt
834 4363 915 4428 atque
934 4361 1065 4426 inermes,
1091 4360 1166 4412 nulla
1191 4361 1281 4430 cogni·

167 4442 239 4496 tione
257 4457 355 4510 rerum,
374 4442 449 4496 nulls
467 4445 577 4497 scientia
595 4443 706 4506 ornati.''

1174 4537 1191 4598 2
