3404 5198
683 571 725 640 51

149 792 310 876 Antiquos
333 790 453 856 multas
469 789 566 856 simul
591 792 677 854 artes
704 788 861 864 tenuisse;
897 789 1033 854 maxime
1056 786 1263 854 Aristotelem

147 915 203 998 qui
236 914 360 979 ornarit
382 919 426 979 et
457 912 627 978 illustrarit
651 912 827 977 doctrinam
849 910 947 976 illam
963 933 1089 978 omnem
1105 961 1118 991 ,
1142 911 1265 979 rerum·

152 1061 213 1123 que
246 1039 463 1124 cognitionem
498 1060 569 1103 cum
604 1035 758 1102 orationis
795 1035 1022 1101 exercitatione
1052 1038 1265 1122 conjunxerit.

195 1161 342 1246 Denique
364 1165 470 1227 totum
493 1161 579 1226 hunc
590 1161 707 1238 locum,
724 1159 776 1224 vel
787 1159 896 1244 potius
908 1161 1025 1239 omnia,
1037 1183 1119 1246 quae
1137 1162 1170 1227 in
1182 1162 1266 1229 hanc

150 1286 343 1350 sententiam
372 1285 537 1369 disputata
567 1289 654 1361 sunt,
678 1282 886 1348 concludens:
912 1284 1039 1363 »Nunc
1060 1285 1176 1369 inquit,
1200 1286 1267 1352 sive

152 1410 207 1494 qui
231 1408 328 1486 volet,
352 1431 423 1472 eum
447 1407 684 1492 philosophum,
708 1406 763 1490 qui
775 1407 898 1491 copiam
922 1409 1131 1474 nobisrerum
1147 1411 1267 1476 oratio-

154 1534 268 1618 nisque
304 1532 433 1609 tradat,
469 1553 527 1616 per
548 1553 599 1596 me
622 1531 764 1615 appellet
788 1537 948 1597 oratorem
970 1532 1071 1610 licet3
1092 1533 1158 1599 sive
1180 1534 1267 1600 hunc

152 1661 333 1732 oratorem,
369 1677 462 1738 quem
498 1676 557 1740 ego
579 1655 650 1719 dico
673 1655 864 1739 sapientiam
883 1656 1029 1740 junctam
1053 1657 1170 1722 habere
1201 1657 1267 1722 elo-

154 1778 314 1862 quentiae,
338 1777 566 1862 philosophum
590 1778 752 1862 appellare
775 1779 884 1858 malet,
896 1802 960 1846 non
972 1780 1161 1865 iurpediam3
1174 1779 1266 1846 dum-

154 1903 247 1966 modo
271 1901 333 1967 hoc
355 1905 490 1979 constet,
513 1924 615 1984 neque
631 1902 806 1967 ‘infantiam
830 1905 897 1988 ejus
922 1905 1065 1988 quirem
1089 1905 1191 1984 norit,
1214 1907 1268 1970 sed
1328 1897 1329 1902 ἵ

155 2049 223 2092 eam
248 2025 406 2110 explicare
429 2025 647 2091 dicendo'non
671 2033 785 2110 queat,
816 2049 919 2111 neque
949 2027 1149 2094 inscientiam
1180 2031 1268 2096 illius

156 2151 206 2216 cui
229 2173 280 2215 res
312 2172 375 2214 non
399 2155 561 2234 suppetat,
596 2151 694 2216 verba
727 2174 792 2217 non
827 2152 941 2229 desint,
965 2173 1032 2216 esse
1066 2150 1268 2220 laudandam.

155 2275 295 2358 Quorum
320 2274 347 2339 si
370 2275 508 2339 alterum
531 2275 574 2340 sit
590 2276 775 2359 optandum,
795 2275 905 2341 malim
925 2275 1071 2360 equidem
1083 2276 1269 2344 indisertam

155 2399 356 2485 prudentiam
380 2417 480 2484 quam*
498 2399 672 2464 stultitiam
695 2399 870 2483 loquacem.
896 2399 952 2465 Sin
977 2400 1170 2483 quaerimus,
1193 2402 1270 2485 quid

156 2545 253 2588 unum
278 2523 414 2587 excellat
436 2544 475 2586 ex
495 2523 662 2601 omnibus,
693 2524 786 2588 docto
810 2524 931 2589 oratori
953 2524 1060 2608 palma
1082 2523 1186 2588 denda
1209 2528 1268 2590 est.

157 2646 254 2722 Quem
278 2645 306 2709 si
328 2645 496 2729 patiuntur
520 2644 653 2711 eundem
677 2669 744 2712 esse
767 2647 1015 2732 philosophum,
1045 2647 1175 2713 sublata
1194 2671 1271 2714 oon·

155 2771 311 2854 troversia
335 2775 393 2834 est.
426 2769 482 2835 Sin
505 2792 559 2834 eos
583 2770 762 2858 dijuugent,
786 2771 846 2836 hoc
868 2777 964 2838 erunt
986 2772 1161 2850 inferiores,
1185 2773 1270 2856 quod

156 2898 190 2961 in
211 2899 341 2962 oratore
364 2895 505 2979 perfecto
528 2895 613 2960 inest
635 2895 764 2959 illorum
794 2896 898 2961 omnis
922 2896 1074 2975 scientia,
1099 2896 1133 2960 in
1163 2895 1270 2980 philo·

155 3021 329 3106 sophorum
352 3022 459 3084 autem
482 3019 666 3106 cognitione
689 3041 754 3083 non
777 3020 929 3088 continuo
959 3021 1045 3085 inest
1069 3019 1269 3104 eloquentia;

155 3168 237 3230 quae
262 3144 408 3230 quamvis
431 3147 656 3208 contemnatur
673 3143 713 3206 ab
726 3143 781 3222 eis,
801 3147 928 3211 necesse
943 3149 1111 3211 esttamen
1130 3143 1271 3227 aliquem

154 3270 318 3336 cumulum
340 3268 472 3335 illorum
495 3268 619 3333 artibus
642 3268 755 3333 afferre
777 3269 954 3334 videatur.’'

200 3395 312 3460 »Haec
347 3416 419 3458 cum
454 3391 586 3458 Crassus
609 3393 742 3458 dixisset
770 3415 942 3480 parumper
965 3397 998 3460 et
1026 3394 1094 3478 ipse
1117 3390 1272 3458 conticuit

154 3526 187 3587 et
211 3520 325 3587 ceteris
348 3517 511 3583 silentium
534 3517 629 3582 fuit.'’
653 3516 792 3596 Scilicet,

269 3631 309 3718 ὧς
333 3639 438 3728 Apud,
461 3642 494 3708 οἳ
517 3637 545 3708 d'
548 3641 611 3730 ἄρα
635 3643 758 3715 πάντες
781 3635 861 3730 ἀκὴν
883 3640 1030 3725 ἐγένοντο
1055 3646 1170 3730 σιωπῇ,

268 3773 379 3854 μῦθον
403 3762 632 3852 ἀγασσάμενοι·

199 3893 284 3958 Tum
308 3892 424 3958 Cotta:
450 3914 522 3956 cum
544 3891 712 3957 dicendum
735 3899 819 3956 esset
841 3892 879 3956 de
902 3890 1093 3956 illustranda
1117 3889 1271 3969 oratione,

155 4023 322 4103 »repente
343 4017 458 4101 inquit,
480 4020 512 4081 te
536 4016 628 4101 quasi
651 4017 780 4100 quidam
804 4020 910 4082 aestus
932 4016 1053 4103 ingenii
1070 4015 1119 4080 tui
1130 4013 1273 4099 procula

153 4148 246 4209 terra
274 4142 418 4226 abripuit
452 4140 549 4226 atque
570 4141 604 4205 in
627 4141 731 4206 altum
759 4163 778 4204 a
811 4145 982 4225 conspectu
1005 4161 1105 4224 paene
1129 4138 1272 4204 omnium

153 4268 348 4334 abstraxit.''
371 4266 472 4332 Totus
494 4265 529 4329 in
556 4263 761 4329 Academiam
784 4263 984 4347 compulsus,
1007 4267 1045 4326 ut
1067 4262 1169 4327 discat
1192 4282 1272 4345 »pro

155 4392 308 4461 omuibus
343 4395 376 4458 et
411 4393 523 4458 contra
568 4390 676 4456 omnia
710 4389 892 4477 disputare'’
931 4389 1067 4456 libenter
1108 4391 1274 4458 consumet
