3404 5198
980 558 1002 624 4

431 778 540 865 magni
560 778 622 843 uiri
635 763 906 862 vituperatoribus
922 772 1057 839 credam.
1074 771 1142 850 Quo
1154 771 1227 857 jure
1246 763 1329 836 euim
1347 789 1465 856 magna
1480 766 1549 851 ejus

429 905 464 969 in
492 903 630 987 patriam
657 901 803 985 civesque
831 898 947 962 merita
970 899 1153 984 negantur?
1184 893 1358 960 Catilinam
1388 893 1549 976 istamque

430 1027 671 1110 conjuratorum
701 1025 879 1100 sentinam,
910 1044 974 1107 qua
1002 1020 1170 1106 capitalior
1197 1018 1297 1103 pestis
1324 1017 1378 1083 vix
1406 1037 1548 1101 unquam

430 1153 503 1217 urbi
526 1151 694 1235 impendit,
716 1173 733 1215 e
756 1148 920 1233 republica
940 1147 1073 1231 expulit,
1089 1145 1177 1210 haud
1192 1143 1310 1209 inscius
1328 1143 1413 1228 quod
1433 1141 1547 1206 ceteris

430 1274 529 1340 saluti
552 1275 687 1352 fuisset,
716 1273 749 1336 id
780 1271 841 1337 sibi
870 1271 924 1334 uni
954 1270 1106 1354 perniciei
1136 1270 1214 1334 fore.
1250 1265 1407 1354 Agrarios
1442 1269 1548 1330 motus

429 1401 597 1476 cohibuit;
628 1398 755 1483 plebem
779 1401 811 1462 et
834 1399 1014 1480 equestrem
1037 1395 1180 1460 ordinem
1204 1393 1278 1480 lege
1301 1393 1339 1456 de
1362 1390 1440 1456 XIV
1462 1390 1549 1454 inter

430 1545 464 1588 se
480 1522 684 1588 exacerbatos
702 1520 911 1604 compescuit3
927 1519 1124 1604 provinciam
1137 1539 1229 1583 suam
1241 1538 1338 1601 quam
1349 1512 1548 1582 sanctissime

431 1643 677 1710 administravit.
702 1642 764 1707 Ter
787 1665 807 1706 a
822 1643 968 1726 patribus
983 1645 1016 1707 et
1036 1641 1129 1727 plebe
1147 1641 1193 1706 ita
1209 1643 1360 1724 exceptus
1379 1637 1550 1702 deductus-

430 1789 492 1852 que
516 1772 566 1832 est
586 1772 623 1832 ut
638 1772 714 1831 ante
734 1789 806 1831 eum
826 1787 934 1831 nemo:
959 1787 1032 1831 cum
1048 1763 1244 1830 catilinarios
1260 1762 1456 1848 opressisset,
1475 1782 1549 1826 curn

431 1912 470 1955 ex
487 1890 582 1955 exilio
595 1887 723 1967 rediret,
743 1912 815 1954 cum
830 1889 1014 1954 decessisset
1025 1889 1063 1953 de
1079 1887 1253 1972 provincia.
1277 1884 1417 1949 Maxime
1440 1888 1550 1948 autem

430 2015 464 2079 in
486 2014 543 2079 illo
565 2015 606 2078 ab
629 2014 725 2078 exilio
749 2014 864 2091 reditu,
888 2016 981 2078 tanto
1004 2012 1110 2077 studio
1133 2015 1166 2076 et
1185 2010 1294 2075 lavore
1306 2009 1472 2073 universus
1491 2030 1551 2092 po·

430 2136 525 2222 pulus
550 2137 678 2202 obviam
701 2136 730 2201 ei
754 2136 939 2215 contendit,
968 2140 1006 2200 ut
1029 2134 1079 2201 vel
1106 2133 1316 2212 Plutarchus,
1338 2132 1469 2198 minime
1493 2130 1550 2196 ille

430 2260 557 2345 quidem
581 2259 743 2324 Ciceronis
766 2260 914 2324 adulator
937 2260 1096 2323 affirmet:
1120 2258 1228 2342 »quod
1240 2255 1350 2322 Cicero
1362 2260 1477 2342 postea
1499 2255 1550 2320 di·

430 2384 514 2448 xerit
535 2405 568 2448 se
589 2382 731 2447 humeris
754 2381 870 2448 Italiae
889 2383 1023 2447 Romam
1048 2384 1246 2467 reportatum
1270 2403 1349 2460 esse,
1368 2381 1401 2446 id
1424 2381 1471 2446 rei
1495 2403 1551 2446 vc-

430 2509 560 2574 ritatem
582 2529 648 2573 non
671 2507 863 2594 attingere.''
886 2507 913 2594 1)

474 2631 549 2698 Jam
572 2631 651 2696 baec
675 2631 782 2695 omnia
805 2633 861 2715 qui
885 2634 1060 2715 potuerunt
1082 2631 1112 2696 ei
1130 2629 1316 2716 contingere
1332 2630 1371 2709 si,
1387 2631 1472 2715 quod
1491 2631 1546 2696 isti

431 2755 637 2834 contendunt,
661 2754 748 2818 omni
769 2776 900 2837 prorsus
923 2775 1030 2819 rerum
1054 2754 1194 2819 civilium
1217 2754 1401 2841 cognitione
1424 2757 1547 2839 etpra-

430 2879 549 2957 dentia,
564 2878 650 2943 omni
664 2878 852 2942 fortitudine
872 2882 905 2942 et
922 2877 1041 2961 pietate
1058 2877 1232 2944 caruisset?
1249 2917 1289 2926 —
1307 2877 1549 2945 Inconstantiae

431 3003 587 3089 arguitur.
610 3001 666 3081 At,
690 3001 761 3086 quis
784 3003 927 3066 intanta
951 3023 1055 3066 rerum
1080 3001 1331 3085 perturbatione,
1356 3005 1435 3069 satis
1459 3009 1549 3069 certo

430 3128 596 3213 providere
611 3126 717 3212 potuit
742 3131 849 3191 utrum
865 3126 1037 3210 optimates
1059 3150 1101 3192 an
1120 3127 1302 3212 populares,
1324 3127 1482 3194 Caesarne
1507 3151 1548 3193 an

430 3250 601 3334 Pompejus
621 3250 724 3336 magis
740 3250 786 3314 rei
803 3250 968 3315 Romanae
984 3251 1155 3315 obfuturos
1170 3255 1262 3316 esset.
1287 3252 1404 3328 Quodsi
1422 3253 1549 3319 Caesari

429 3375 537 3460 potius
560 3396 657 3459 quam
680 3373 835 3458 Pompejo
851 3397 919 3438 sese
940 3371 1147 3458 adjunxisset,
1164 3397 1228 3439 non
1244 3381 1292 3443 est
1307 3376 1452 3456 dubium,
1470 3377 1549 3463 quin

428 3497 487 3563 illo
511 3498 631 3563 victore
654 3497 751 3561 etiam
777 3519 914 3584 magnus
937 3498 971 3562 in
993 3521 1028 3563 re
1050 3498 1178 3582 publica
1200 3500 1299 3566 fuerit
1320 3502 1461 3566 futurus.

474 3623 564 3697 Quod
589 3627 698 3687 autem
721 3620 832 3687 Cicero
862 3626 899 3687 ut
922 3644 1090 3687 causarum
1116 3627 1271 3706 patronus
1295 3646 1349 3690 eos
1376 3646 1472 3710 saepe
1495 3625 1551 3690 de·
1682 3645 1683 3652 ¹

428 3747 530 3812 fendit
553 3745 592 3811 de
614 3768 753 3830 quorum
778 3747 873 3831 culpa
897 3747 1045 3812 dubitare
1068 3747 1120 3812 vix
1142 3751 1269 3832 posset3
1299 3750 1385 3834 quod
1415 3749 1450 3814 in
1474 3773 1550 3816 ora-

428 3872 569 3938 tionibus
595 3894 839 3958 nonnumquam
865 3873 1032 3939 veritatem
1057 3839 1185 3960 tegere,
1216 3873 1359 3959 falsaque
1381 3895 1441 3959 pro
1464 3874 1549 3941 veris

430 4071 590 4081 -n-——a--n

469 4214 496 4282 t)
521 4210 591 4268 Plut.
617 4213 672 4268 vita
697 4213 752 4268 Cic.
777 4231 800 4268 c.
826 4217 887 4268 33...
913 4206 981 4266 ὥστε
1006 4211 1035 4265 τὸ
1061 4210 1150 4287 ῥηθὲν
1174 4204 1227 4268 v‘nt
1252 4213 1410 4289 Κικέρωνος
1435 4205 1550 4288 ὕστερον

426 4297 600 4377 ἐνδεέστερον
612 4299 684 4356 εἶναι
696 4303 743 4374 τῆς
760 4295 898 4372 tepescas.
913 4298 965 4370 ἔφη
978 4298 1032 4376 γὰρ
1046 4295 1131 4356 αὐτὸν
1144 4299 1256 4357 ἐπὶτῶν
1271 4298 1354 4378 ὤμων
1366 4300 1418 4375 τὴν
1426 4296 1549 4356 Ἰταλίαν

427 4389 564 4472 φέρουσαν
581 4391 621 4452 εἰς
639 4388 690 4448 clv
707 4384 819 4466 Ῥώμην
837 4389 1014 4462 εἰσενεγκεῖν.
1209 4383 1211 4387 ’
