3404 5198
846 499 848 504 ⁵
976 552 996 614 a

431 749 657 826 miteinander,
680 771 735 812 um
758 748 812 812 der
836 743 1103 830 ursprtingliohen
1128 741 1256 808 Gestalt
1282 741 1338 807 der
1361 743 1549 828 genannten

430 873 550 937 Werke
573 872 745 958 mtiglichst
768 871 851 936 nahe
875 894 912 934 zu
928 868 1112 934 kommen.'’

475 996 748 1071 Quemadmodum
779 997 882 1072 eninr,
913 999 948 1059 ut
980 993 1179 1070 Quintiliano
1209 997 1242 1058 et
1273 991 1393 1057 Cobeto
1420 989 1550 1074 placet,

432 1127 571 1185 »rectam
590 1120 887 1203 interpretationem
906 1117 1074 1201 praecedat
1094 1120 1222 1200 oportet
1235 1113 1403 1210 emendata
1419 1113 1549 1191 lectio,”
1628 1135 1634 1145 ’

430 1245 477 1307 ita
500 1248 668 1327 postquam
693 1243 856 1326 praeclara
881 1242 937 1306 illa
960 1264 1066 1326 opera,
1090 1246 1247 1326 quantum
1271 1238 1435 1326 Stanglii,
1459 1238 1550 1304 Frie-

430 1367 561 1430 drichsii
577 1366 777 1450 aliorumque
801 1366 1057 1430 doctissimorum
1075 1366 1239 1430 hominum
1253 1365 1390 1452 ingeniis
1406 1387 1443 1429 ac
1459 1364 1551 1429 labo·

430 1489 519 1552 ribus
542 1489 610 1553 fieri
633 1489 762 1572 potuit,
786 1488 825 1552 ad
849 1489 1017 1571 pristinam
1042 1490 1264 1576 integritatem
1289 1493 1365 1554 sunt
1389 1488 1552 1566 restituta,

430 1612 498 1696 jam
521 1609 603 1674 nihil
628 1612 730 1697 magis
754 1611 929 1694 optandum
952 1613 1097 1692 videtur,
1119 1637 1215 1698 quam
1245 1618 1282 1679 ut
1304 1614 1343 1678 ad
1368 1617 1551 1678 accuratam

432 1737 614 1801 eorumdem
628 1735 870 1820 explicationem
888 1741 1071 1821 rectamque
1083 1738 1350 1816 aestimationem,
1366 1737 1550 1802 litterarum

432 1861 526 1925 amici
544 1883 601 1924 sua
625 1858 730 1925 studia
754 1862 945 1929 consocient.
981 1861 1027 1926 Ut
1050 1867 1157 1925 autem
1188 1861 1228 1926 ad
1255 1861 1458 1948 singulorum
1481 1883 1553 1926 ver-

432 1985 543 2050 borum
576 1984 830 2068 explanationem
866 1985 1161 2069 sententiarumque
1196 1985 1444 2071 intelligentiam
1479 1988 1553 2069 post

433 2108 557 2186 Sorofii,
582 2109 737 2186 Pideritii,
763 2109 938 2187 Wilkinsii,
962 2109 1059 2193 hujus
1082 2110 1187 2194 operis
1210 2109 1365 2175 editiones
1389 2109 1443 2174 vix
1462 2108 1553 2193 quic·
1684 2101 1685 2130 ¹

433 2256 528 2317 quam
553 2232 724 2296 desiderari
748 2233 888 2312 videtur,
912 2234 959 2298 ita
981 2233 1076 2298 facile
1099 2233 1178 2298 mihi
1202 2234 1366 2318 persuasi,
1390 2234 1429 2297 de
1451 2233 1553 2317 scrip·

434 2358 513 2422 toris
530 2357 675 2434 consilio,
694 2357 732 2421 de
752 2358 900 2423 universo
913 2359 1018 2442 operis
1036 2358 1198 2436 instituto,
1211 2359 1249 2422 de
1266 2357 1423 2452 scribendi
1436 2380 1553 2444 genere
1608 2346 1612 2354 ¹

433 2482 590 2564 quaedam
615 2481 798 2546 etiamnunc
820 2482 945 2546 utiliter
966 2482 1154 2566 investigari
1178 2503 1278 2565 posse.

478 2605 555 2669 Tria
577 2605 678 2690 igitur
701 2610 777 2669 nunt
800 2605 838 2670 de
862 2607 976 2690 quibus
999 2605 1163 2688 disputare
1185 2605 1219 2670 in
1244 2606 1350 2670 animo
1373 2609 1443 2669 est:

478 2730 621 2794 Primum
642 2733 712 2795 est:
733 2731 809 2815 quid
825 2730 935 2796 Cicero
955 2730 1043 2795 hisce
1061 2729 1153 2794 libris
1169 2729 1343 2793 scribendis
1359 2729 1420 2794 sibi
1434 2750 1553 2812 propo-

433 2855 553 2933 suerit,
581 2877 636 2920 seu
668 2855 785 2939 quibus
815 2856 876 2920 hac
905 2854 1078 2940 scriptione
1105 2853 1243 2917 maxime
1266 2852 1384 2916 servire
1406 2850 1553 2916 voluerit.

478 2978 628 3044 Alterum
652 2983 717 3044 est:
743 3001 825 3062 quae
850 2980 994 3044 videatur
1011 2977 1189 3063 proprisset
1215 2977 1386 3061 praecipua
1409 2974 1554 3040 doctrina

434 3107 467 3167 et
489 3103 581 3187 quasi
604 3097 781 3191 Χαρακτὴρ
804 3103 918 3169 horum
941 3102 1108 3168 librorum.

481 3231 626 3316 Denique
649 3231 838 3316 praecipuos
861 3231 1016 3316 quosdam
1032 3227 1136 3292 tontes
1158 3225 1225 3290 sive
1243 3223 1442 3307 exemplaria
1457 3222 1553 3306 hujus

435 3355 540 3439 operis
566 3356 612 3418 ita
636 3356 779 3420 conterre
803 3355 999 3430 conalimur,
1013 3356 1050 3417 ut
1074 3355 1106 3415 et
1128 3350 1234 3435 qualis
1250 3349 1293 3414 sit
1308 3348 1388 3413 haec
1407 3347 1553 3412 doctrina

433 3480 634 3544 manifestius
659 3483 813 3563 appareat
837 3483 869 3542 et
892 3479 986 3542 siruul
1010 3479 1153 3562 ipsorum
1177 3478 1334 3542 librorum
1357 3475 1495 3540 virtutes
1517 3475 1552 3539 in

432 3602 518 3668 clara
540 3602 611 3668 luce
635 3607 804 3686 ponantur.
