3404 5198
752 591 796 660 43

208 807 383 873 confirmat
404 807 447 886 id,
470 809 555 894 quod
574 809 642 893 jam
664 809 771 894 priore
793 809 875 875 libro
899 809 984 874 haud
1007 809 1140 875 obscure
1170 811 1330 876 iudicave-

209 935 282 1007 rat;
305 932 451 997 Crassum
475 938 508 998 et
530 933 707 998 Antonium
730 934 833 1020 magis
851 934 995 999 doctriua
1008 938 1040 1000 et
1051 935 1228 1000 eruditione
1240 957 1333 1019 prae-

209 1055 336 1118 stitisse
360 1076 456 1138 quam
478 1055 577 1142 vulgo
601 1056 817 1139 opinarentur.
852 1059 927 1122 Jam
960 1080 1094 1142 puerum
1130 1061 1332 1136 assensisse,

211 1177 366 1244 Crassum
391 1180 532 1245 »Graece
555 1181 600 1244 sio
622 1179 722 1264 loqui,
746 1181 869 1247 nullam
893 1187 929 1248 ut
953 1205 1046 1248 nosse
1069 1183 1166 1248 aliam
1189 1183 1334 1269 linguam

210 1305 390 1368 videretur:
414 1305 496 1369 nihil
521 1305 549 1370 ei
573 1327 706 1382 novum,
725 1305 807 1370 nihil
828 1306 1009 1372 inauditum
1038 1307 1170 1372 videri.’'
1195 1309 1242 1372 De
1265 1307 1334 1371 An·

212 1428 307 1493 tonio
331 1451 405 1493 vero
429 1451 446 1492 e
468 1431 586 1513 patruo
599 1430 757 1513 accepisse
780 1453 813 1496 se
836 1432 882 1496 ait
906 1433 1190 1517 »quemadmodum
1214 1430 1268 1495 ille
1284 1429 1335 1494 vel

211 1551 352 1616 Athenis
375 1551 426 1616 vel
447 1553 552 1617 Rhodi
577 1576 611 1618 se
644 1553 900 1620 doctissimorum
935 1554 1103 1620 hominum
1136 1554 1335 1620 sermonibus

210 1677 391 1754 dedisset''‚
426 1699 522 1762 seque
557 1700 596 1742 ex
630 1699 667 1748 eo
702 1677 805 1742 multa
837 1701 930 1762 saepe
965 1679 1178 1762 quaesivisse;
1215 1678 1335 1742 nullius

211 1804 323 1866 autem
344 1800 401 1878 rei,
424 1823 505 1886 quae
529 1803 657 1886 quidem
676 1806 759 1866 esset
779 1803 812 1865 in
826 1802 1021 1881 hisartibus‚
1035 1804 1073 1868 de
1085 1804 1202 1888 quibus
1214 1802 1335 1886 aliquid

210 1925 397 1990 existimare
418 1935 526 2010 posset
550 1925 824 2001 adolescentulus,
847 1927 957 1990 rudem
993 1930 1050 1990 aut
1083 1927 1232 2013 ignarum
1268 1947 1335 1990 esse

211 2050 329 2117 visum.
353 2050 535 2134 Utrumque
558 2053 666 2114 autem
691 2073 781 2114 suam
809 2050 1023 2114 dissimulasse
1048 2050 1238 2115 doctrinam.

262 2174 424 2250 »Quorum
448 2174 629 2252 eonsilium,
652 2175 709 2251 ait,
733 2173 827 2257 quale
850 2173 966 2250 fuerit,
998 2173 1081 2238 nihil
1104 2197 1181 2239 sane
1204 2175 1243 2238 ad
1275 2173 1336 2239 hoo

210 2303 352 2382 tempus·
366 2299 456 2362 Illud
477 2311 577 2362 cutem
600 2311 643 2362 oct
667 2299 757 2385 hujus
780 2300 932 2363 institutae
944 2300 1116 2383 scriptionis
1128 2323 1162 2362 oc
1181 2300 1335 2383 temporis,

211 2424 367 2486 neminem
390 2425 560 2509 eloquentia
583 2447 644 2487 nori
668 2424 758 2486 modo
780 2424 844 2484 siue
867 2425 987 2486 dicendi
1005 2423 1145 2486 doctrino
1160 2425 1259 2486 sedne
1272 2426 1336 2486 sinc

213 2549 446 2634 omniquidem
468 2549 618 2632 snpientia
634 2547 751 2633 florere
776 2570 921 2633 umquam
943 2559 972 2611 et
995 2559 1157 2632 proestare
1189 2547 1333 2634 potuisse.

213 2669 346 2735 Etenim
370 2673 492 2735 ceterae
514 2670 579 2734 fere
603 2673 688 2734 artes
711 2693 745 2734 se
767 2670 855 2754 ipsae
878 2693 934 2754 per
960 2693 994 2735 se
1018 2675 1149 2735 tuentur
1172 2669 1334 2756 singulae;

137 2879 141 2886 .
215 2794 412 2859 benedicere
436 2798 552 2872 antem,
578 2795 662 2877 quod
687 2798 735 2859 est
758 2795 894 2859 scienter
916 2799 948 2858 et
972 2795 1072 2879 perite
1097 2799 1129 2859 et
1151 2798 1265 2859 ornate
1287 2793 1335 2856 di-

213 2939 288 2982 cere
310 2917 496 2996 nonhabet
519 2919 683 2984 definitam
707 2920 847 3001 aliquam
873 2919 1053 3004 regionem,
1077 2917 1166 3002 eujus
1190 2916 1335 2981 terminis

213 3045 328 3126 saepta
352 3030 507 3109 teneatur.
533 3042 647 3107 Omnia
671 3065 887 3126 quaecumque
911 3043 943 3106 iu
975 3042 1141 3107 homiuum
1176 3041 1335 3123 discepta-

210 3166 337 3230 tionem
361 3166 471 3231 oadere
494 3171 644 3250 possunt,
669 3167 747 3230 bene
771 3170 846 3230 sunt
870 3166 898 3230 ei
933 3166 1083 3241 dicenda,
1118 3166 1174 3250 qui
1209 3165 1271 3228 hoo
1301 3186 1334 3228 se

213 3311 309 3373 posse
332 3289 520 3373 profitetur,
543 3295 601 3354 aut
624 3290 824 3375 eloquentiae
848 3312 962 3354 nomen
996 3289 1240 3374 relinquendum
1275 3292 1335 3352 est.

215 3413 324 3489 Quare
346 3413 550 3498 equidem..‚
573 3415 692 3480 multos
722 3437 839 3501 magna
862 3413 956 3478 laude
980 3414 1103 3479 dicendi
1127 3414 1201 3478 sine·
1217 3435 1338 3478 sumnia

214 3558 324 3602 rerum
348 3539 483 3602 emerium
513 3538 646 3603 scientia
679 3539 776 3603 fuisse
809 3539 927 3613 fateor3
964 3538 1062 3602 talem
1092 3559 1166 3602 vero
1201 3537 1336 3602 existere

220 3660 457 3744 eloquentiam,
482 3661 586 3744 qualis
620 3662 683 3726 tuit
711 3663 744 3726 in
780 3661 893 3728 Crasso
925 3666 957 3727 et
990 3662 1152 3739 Antoni0‚
1186 3684 1249 3726 non
1285 3682 1338 3725 oc·

216 3783 320 3868 gnitis
344 3783 440 3848 rebus
463 3784 627 3864 omnibns,
652 3807 733 3868 quae
757 3787 796 3850 ad
824 3791 949 3852 tantam
972 3787 1174 3870 prudentiam
1197 3785 1338 3869 pertine-

219 3910 292 3972 rent
314 3911 503 3991 tantamque
527 3909 650 3974 dicendi
673 3910 811 3993 copiam,
848 3913 969 3993 quanta
1003 3910 1036 3975 in
1072 3909 1137 3974 illis
1172 3909 1247 3986 suit,
1271 3931 1337 3974 non

221 4031 360 4115 potuisse
383 4033 569 4097 confirm0.”

265 4154 315 4220 Sic
326 4156 437 4239 paucis
450 4157 504 4222 sed
515 4158 712 4244 gravissimis
725 4157 791 4222 suis
804 4157 908 4221 verbis
927 4158 1035 4222 Cicero
1048 4157 1202 4233 hocloco,
1215 4157 1338 4240 operire

224 4277 333 4356 voluit,
356 4283 555 4364 quantopere
568 4281 628 4344 sibi
647 4283 871 4366 probarentur,
887 4304 968 4365 quae
991 4283 1024 4345 iu
1049 4282 1265 4364 superioribus
1281 4302 1338 4363 per

225 4399 327 4468 Crassi
345 4425 512 4488 personam
536 4406 817 4490 erantdisputata;
842 4406 946 4484 credo,
971 4429 1010 4470 ne
1033 4406 1116 4470 forte
1139 4409 1337 4490 putaremus,
