3404 5198
708 569 752 643 35

169 806 230 850 nos
253 788 285 850 et
308 786 393 870 quod
416 786 592 870 exprimere
612 786 744 852 dicendo
761 807 853 850 renea
867 785 1067 870 possumus.”
1089 787 1190 864 Quam
1213 810 1287 856 vero

170 910 236 974 vim
273 909 370 975 aliam
407 911 548 994 potuisse
581 909 727 975 homines
762 909 854 974 rudes
889 931 1105 998 congregare,
1141 913 1288 980 civitates

170 1034 316 1112 condere,
339 1056 538 1113 conservare,
562 1033 724 1110 excolere,
747 1033 810 1097 nisi
833 1036 998 1117 potentem
1020 1033 1111 1098 illam
1134 1039 1167 1100 et
1195 1038 1287 1120 quasi

169 1157 311 1221 divinam
335 1157 536 1242 eloquentiae
565 1160 696 1222 artem?
728 1156 864 1221 Perfecti
895 1156 1031 1221 oratoris
1054 1157 1158 1243 igitur
1180 1160 1288 1229 mode·

169 1279 295 1344 ratione
319 1285 352 1343 et
375 1281 532 1363 sapientia
556 1304 620 1346 non
644 1280 748 1345 solum
760 1280 859 1364 ipsius
875 1280 1078 1366 dignitatem,
1097 1282 1151 1347 sed
1171 1287 1204 1347 et
1222 1284 1287 1367 pri-

170 1407 317 1467 vatorum
362 1403 573 1487 plurimorum
613 1409 645 1468 et
688 1403 854 1468 universae
887 1403 933 1467 rei
971 1403 1117 1487 publicae
1150 1405 1287 1471 salutem

171 1527 309 1591 maxime
332 1529 497 1593 contineri.

216 1651 261 1714 At
284 1650 321 1726 Q.
345 1649 518 1730 Scaevola,
552 1658 590 1718 ut
621 1651 717 1716 Mucii
751 1673 881 1728 omnes,
917 1651 1118 1736 eloquentiae
1145 1675 1209 1718 non
1240 1655 1288 1718 ita

169 1775 349 1852 studiosus,
373 1798 568 1859 quamquam
591 1780 640 1841 cst
663 1776 718 1840 ille
742 1776 869 1860 quidem
893 1775 995 1859 »juris
1017 1777 1193 1860 peritorum
1222 1776 1287 1842 elc-

170 1898 444 1980 quentissimus'’:
471 1900 497 1984 1)
522 1899 666 1978 »Cetera
690 1900 797 1982 inquit
823 1899 980 1964 assentior
1003 1898 1211 1980 OrasSO....,
1234 1903 1289 1967 sed

169 2019 231 2084 illa
255 2023 328 2098 duc,
352 2021 477 2099 Crasse,
501 2046 634 2102 vercor,
658 2029 694 2087 ut
722 2023 782 2087 tibi
805 2023 924 2108 possim
948 2023 1135 2095 concedere:
1171 2047 1288 2102 unum,

170 2147 257 2231 quod
293 2148 334 2211 ab
365 2147 545 2210 oratoribus
573 2148 717 2228 civitates
744 2152 776 2212 et
809 2148 903 2212 initio
926 2147 1118 2213 constitutas
1140 2152 1173 2212 et
1195 2171 1289 2232 saepe

170 2276 378 2336 conservatas
401 2294 469 2336 esse
491 2272 611 2350 dixisti,
634 2271 770 2352 alterum
794 2273 879 2356 quod
901 2275 1023 2336 remoto
1048 2272 1118 2336 soro
1141 2273 1289 2338 contione

166 2395 299 2480 judiciis
323 2402 454 2474 senatu,
480 2397 623 2461 statuisti
645 2403 806 2462 oratorem
829 2397 864 2460 in
887 2396 974 2460 omni
996 2416 1112 2481 genere
1135 2379 1288 2462 sermonis

170 2525 207 2586 et
230 2519 442 2584 humanitatis
466 2542 534 2585 esse
556 2520 766 2605 perlectum'’.
803 2520 888 2586 Illud
917 2522 1088 2606 impugnat
1110 2519 1288 2586 inducendo

170 2643 358 2722 Romulum,
382 2643 535 2724 Numam,
548 2643 703 2724 Servium,
717 2645 866 2725 Brutum,
878 2668 1014 2732 quorum
1031 2664 1149 2729 magna
1160 2644 1288 2729 quidem

168 2767 294 2832 fuerint
321 2767 359 2831 de
386 2790 421 2832 re
444 2769 573 2852 publica
596 2769 731 2848 merita,
767 2791 839 2833 cum
873 2773 981 2833 tamen
1009 2768 1048 2833 de
1069 2767 1199 2834 illorum
1223 2770 1289 2835 elo·

171 2891 305 2975 quentia
335 2890 417 2956 nihil
451 2895 593 2970 constet3
629 2898 740 2960 contra
771 2896 895 2959 excitat·
916 2893 1080 2958 Tiberium
1111 2899 1143 2957 et
1176 2893 1288 2978 Cajum

169 3017 352 3096 Gracchos,
378 3017 463 3083 viros
490 3023 576 3083 certe
600 3019 876 3104 eloquentissimos
899 3019 954 3083 sed
977 3017 1104 3083 civitati
1127 3018 1287 3085 exitiosos·

169 3141 322 3206 Alterum
346 3146 453 3206 autem
479 3165 516 3206 ea
538 3144 663 3207 ratione
686 3142 817 3220 refellit,
840 3147 876 3206 ut
888 3142 1044 3220 ostendat,
1057 3143 1162 3208 varias
1181 3143 1288 3228 philo-

170 3267 346 3350 sophorum
369 3266 509 3331 familias
533 3270 629 3351 atquc
652 3267 809 3330 artificum
822 3287 940 3352 genera
956 3265 1069 3330 melius
1084 3266 1121 3331 de
1137 3268 1187 3346 iis,
1207 3290 1288 3352 quae

171 3414 230 3456 sua
254 3392 408 3475 cujusque
431 3394 500 3455 arte
523 3391 739 3466 continentur,
758 3390 871 3467 dicere,
899 3412 997 3473 quum
1014 3393 1121 3456 orator
1151 3392 1287 3479 ignoret,

170 3537 254 3599 quae
278 3515 341 3599 ipsi
364 3515 503 3599 perfecte
526 3515 638 3579 sciant.

218 3638 452 3714 >Quamobrem
470 3677 508 3686 -
528 3638 575 3702 ita
597 3636 651 3702 illc
670 3675 710 3686 —
735 3637 797 3700 ista
820 3641 912 3702 tanta
935 3641 1065 3725 tamque
1088 3641 1192 3707 multa
1213 3663 1289 3727 prc-

169 3763 301 3842 fitenda,
325 3763 450 3841 Crasse,
473 3785 538 3827 non
563 3784 685 3827 censeo.
711 3760 797 3826 Satis
810 3761 903 3826 idest
921 3785 1085 3848 magnum,
1102 3767 1187 3850 quod
1199 3772 1289 3852 potes

170 3895 348 3975 praestare,
373 3893 407 3955 ut
425 3889 458 3952 in
480 3888 609 3973 judiciis
632 3910 669 3952 ea
693 3909 799 3965 causa,
811 3909 1047 3972 quamcumque
1064 3894 1100 3955 tu
1117 3891 1205 3968 dicis,
1222 3913 1288 3957 mc-

171 4015 232 4080 lior
260 4020 293 4079 et
316 4014 514 4098 probabilior
542 4033 610 4077 esse
634 3997 801 4088 ¹videaturr
825 4016 862 4075 ut
897 4011 930 4075 in
966 4013 1170 4078 concionibus
1195 4018 1228 4078 et
1255 4014 1290 4084 iu

170 4139 337 4205 sententiis
372 4138 512 4203 dicendis
541 4138 580 4202 ad
615 4135 869 4222 persuadendum
900 4139 957 4200 tua
979 4134 1153 4219 plurimum
1183 4137 1290 4204 valeat

204 4407 231 4480 l)
250 4408 346 4466 Orator
364 4407 378 4476 5
395 4409 457 4462 lll.
