<?xml version="1.0" encoding="UTF-8"?>
<!DOCTYPE html PUBLIC "-//W3C//DTD XHTML 1.0 Transitional//EN"
    "http://www.w3.org/TR/xhtml1/DTD/xhtml1-transitional.dtd">
<html xmlns="http://www.w3.org/1999/xhtml" xml:lang="en" lang="en">
 <head>
  <title>
</title>
<meta http-equiv="Content-Type" content="text/html;charset=utf-8" />
  <meta name='ocr-system' content='tesseract 3.04.00' />
  <meta name='ocr-capabilities' content='ocr_page ocr_carea ocr_par ocr_line ocrx_word'/>
</head>
<body>
  <div class='ocr_page' id='page_1' title='image "./demtulliicicero01vessgoog_0083.png"; bbox 0 0 3366 5206; ppageno 0'>
   <div class='ocr_carea' id='block_1_1' title="bbox 963 531 1004 604">
    <p class='ocr_par' dir='ltr' id='par_1_1' title="bbox 963 531 1004 604">
     <span class='ocr_line' id='line_1_1' title="bbox 963 531 1004 604; baseline 0.024 -1"><span class='ocrx_word' id='word_1_1' title='bbox 963 531 1004 604; x_wconf 77' lang='lat'>72</span> 
     </span>
    </p>
   </div>
   <div class='ocr_carea' id='block_1_2' title="bbox 422 747 1545 1462">
    <p class='ocr_par' dir='ltr' id='par_1_2' title="bbox 422 747 1545 1462">
     <span class='ocr_line' id='line_1_2' title="bbox 425 747 1545 838; baseline -0.006 -18"><span class='ocrx_word' id='word_1_2' title='bbox 425 755 510 820; x_wconf 88' lang='lat' dir='ltr'>certe</span> <span class='ocrx_word' id='word_1_3' title='bbox 533 755 660 838; x_wconf 90' lang='lat' dir='ltr'>praesto</span> <span class='ocrx_word' id='word_1_4' title='bbox 685 772 750 817; x_wconf 92' lang='lat' dir='ltr'>non</span> <span class='ocrx_word' id='word_1_5' title='bbox 775 754 854 818; x_wconf 86' lang='lat' dir='ltr'>erat.</span> <span class='ocrx_word' id='word_1_6' title='bbox 879 749 1061 828; x_wconf 69' lang='lat' dir='ltr'>»Isocratis</span> <span class='ocrx_word' id='word_1_7' title='bbox 1084 747 1202 835; x_wconf 85' lang='lat' dir='ltr'>inquit,</span> <span class='ocrx_word' id='word_1_8' title='bbox 1218 770 1314 834; x_wconf 90' lang='lat' dir='ltr'>quam</span> <span class='ocrx_word' id='word_1_9' title='bbox 1327 749 1454 814; x_wconf 85' lang='lat' dir='ltr'>constet</span> <span class='ocrx_word' id='word_1_10' title='bbox 1475 768 1545 814; x_wconf 88' lang='lat' dir='ltr'>esse</span> 
     </span>
     <span class='ocr_line' id='line_1_3' title="bbox 423 874 1542 970; baseline -0.005 -26"><span class='ocrx_word' id='word_1_11' title='bbox 423 884 526 944; x_wconf 89' lang='lat' dir='ltr'>artem</span> <span class='ocrx_word' id='word_1_12' title='bbox 548 900 611 943; x_wconf 92' lang='lat' dir='ltr'>non</span> <span class='ocrx_word' id='word_1_13' title='bbox 634 876 849 953; x_wconf 84' lang='lat' dir='ltr'>invenimus”;</span> <span class='ocrx_word' id='word_1_14' title='bbox 872 876 898 963; x_wconf 78' lang='lat'>¹)</span> <span class='ocrx_word' id='word_1_15' title='bbox 925 879 1039 970; x_wconf 86' lang='lat' dir='ltr'>atque</span> <span class='ocrx_word' id='word_1_16' title='bbox 1052 897 1166 960; x_wconf 86' lang='lat' dir='ltr'>parum</span> <span class='ocrx_word' id='word_1_17' title='bbox 1198 874 1370 939; x_wconf 87' lang='lat' dir='ltr'>verisimile</span> <span class='ocrx_word' id='word_1_18' title='bbox 1395 879 1445 939; x_wconf 91' lang='lat' dir='ltr'>est</span> <span class='ocrx_word' id='word_1_19' title='bbox 1469 897 1542 939; x_wconf 83' lang='lat' dir='ltr'>eam</span> 
     </span>
     <span class='ocr_line' id='line_1_4' title="bbox 422 999 1542 1090; baseline -0.005 -21"><span class='ocrx_word' id='word_1_20' title='bbox 422 1006 534 1090; x_wconf 85' lang='lat' dir='ltr'>postea</span> <span class='ocrx_word' id='word_1_21' title='bbox 557 1025 576 1068; x_wconf 89' lang='lat' dir='ltr'>a</span> <span class='ocrx_word' id='word_1_22' title='bbox 599 1001 751 1068; x_wconf 73' lang='lat' dir='ltr'>Cicerone</span> <span class='ocrx_word' id='word_1_23' title='bbox 774 1000 871 1065; x_wconf 84' lang='lat' dir='ltr'>luisse</span> <span class='ocrx_word' id='word_1_24' title='bbox 891 1004 1061 1085; x_wconf 75' lang='lat' dir='ltr'><strong>repertam.</strong></span> <span class='ocrx_word' id='word_1_25' title='bbox 1097 999 1292 1065; x_wconf 74' lang='lat' dir='ltr'><strong>Plutarchus</strong></span> <span class='ocrx_word' id='word_1_26' title='bbox 1323 999 1409 1064; x_wconf 93' lang='lat' dir='ltr'>enim</span> <span class='ocrx_word' id='word_1_27' title='bbox 1440 999 1479 1064; x_wconf 88' lang='lat' dir='ltr'>de</span> <span class='ocrx_word' id='word_1_28' title='bbox 1505 1023 1542 1064; x_wconf 87' lang='lat' dir='ltr'>ea</span> 
     </span>
     <span class='ocr_line' id='line_1_5' title="bbox 423 1123 1544 1210; baseline -0.003 -17"><span class='ocrx_word' id='word_1_29' title='bbox 423 1128 518 1193; x_wconf 83' lang='lat' dir='ltr'>faudo</span> <span class='ocrx_word' id='word_1_30' title='bbox 552 1129 679 1192; x_wconf 89' lang='lat' dir='ltr'>tantum</span> <span class='ocrx_word' id='word_1_31' title='bbox 715 1125 896 1201; x_wconf 88' lang='lat' dir='ltr'>audiverat,</span> <span class='ocrx_word' id='word_1_32' title='bbox 938 1123 1155 1200; x_wconf 77' lang='lat' dir='ltr'><strong>Quintilianus</strong></span> <span class='ocrx_word' id='word_1_33' title='bbox 1189 1146 1283 1200; x_wconf 57' lang='lat' dir='ltr'>vero„</span> <span class='ocrx_word' id='word_1_34' title='bbox 1298 1126 1436 1210; x_wconf 88' lang='lat' dir='ltr'>quodam</span> <span class='ocrx_word' id='word_1_35' title='bbox 1472 1127 1544 1190; x_wconf 93' lang='lat' dir='ltr'>loco</span> 
     </span>
     <span class='ocr_line' id='line_1_6' title="bbox 422 1249 1544 1336; baseline -0.003 -19"><span class='ocrx_word' id='word_1_36' title='bbox 422 1251 572 1317; x_wconf 89' lang='lat' dir='ltr'>Isocratis</span> <span class='ocrx_word' id='word_1_37' title='bbox 596 1250 778 1336; x_wconf 85' lang='lat' dir='ltr'>opinionem</span> <span class='ocrx_word' id='word_1_38' title='bbox 802 1250 955 1313; x_wconf 84' lang='lat' dir='ltr'>afferens:</span> <span class='ocrx_word' id='word_1_39' title='bbox 980 1249 1028 1312; x_wconf 90' lang='lat' dir='ltr'>»si</span> <span class='ocrx_word' id='word_1_40' title='bbox 1051 1253 1177 1326; x_wconf 84' lang='lat' dir='ltr'>tamen,</span> <span class='ocrx_word' id='word_1_41' title='bbox 1201 1249 1317 1333; x_wconf 87' lang='lat' dir='ltr'>inquit,</span> <span class='ocrx_word' id='word_1_42' title='bbox 1349 1272 1461 1316; x_wconf 87' lang='lat' dir='ltr'>revera</span> <span class='ocrx_word' id='word_1_43' title='bbox 1480 1249 1544 1315; x_wconf 88' lang='lat' dir='ltr'>Ars</span> 
     </span>
     <span class='ocr_line' id='line_1_7' title="bbox 422 1371 1544 1462; baseline -0.001 -22"><span class='ocrx_word' id='word_1_44' title='bbox 422 1399 503 1462; x_wconf 87' lang='lat' dir='ltr'>quae</span> <span class='ocrx_word' id='word_1_45' title='bbox 527 1373 749 1439; x_wconf 83' lang='lat' dir='ltr'>oir·cumlertur</span> <span class='ocrx_word' id='word_1_46' title='bbox 772 1373 840 1456; x_wconf 93' lang='lat' dir='ltr'>ejus</span> <span class='ocrx_word' id='word_1_47' title='bbox 864 1371 944 1436; x_wconf 86' lang='lat' dir='ltr'>est.”</span> <span class='ocrx_word' id='word_1_48' title='bbox 960 1373 987 1456; x_wconf 82' lang='lat'>2)</span> <span class='ocrx_word' id='word_1_49' title='bbox 1001 1407 1038 1420; x_wconf 86' lang='lat'><em>-</em></span> <span class='ocrx_word' id='word_1_50' title='bbox 1054 1371 1138 1448; x_wconf 79' lang='lat' dir='ltr'>Quid</span> <span class='ocrx_word' id='word_1_51' title='bbox 1158 1371 1259 1458; x_wconf 82' lang='lat' dir='ltr'>igitur</span> <span class='ocrx_word' id='word_1_52' title='bbox 1282 1373 1343 1438; x_wconf 85' lang='lat' dir='ltr'>sibi</span> <span class='ocrx_word' id='word_1_53' title='bbox 1360 1374 1442 1452; x_wconf 85' lang='lat' dir='ltr'>vult,</span> <span class='ocrx_word' id='word_1_54' title='bbox 1458 1375 1544 1459; x_wconf 89' lang='lat' dir='ltr'>quod</span> 
     </span>
    </p>
   </div>
   <div class='ocr_carea' id='block_1_3' title="bbox 422 1495 1671 1586">
    <p class='ocr_par' dir='ltr' id='par_1_3' title="bbox 422 1495 1671 1586">
     <span class='ocr_line' id='line_1_8' title="bbox 422 1495 1671 1586; baseline -0.002 -22"><span class='ocrx_word' id='word_1_55' title='bbox 422 1501 592 1586; x_wconf 85' lang='lat' dir='ltr'>profitetur</span> <span class='ocrx_word' id='word_1_56' title='bbox 614 1497 738 1564; x_wconf 81' lang='lat' dir='ltr'>Cicero:</span> <span class='ocrx_word' id='word_1_57' title='bbox 762 1519 796 1562; x_wconf 88' lang='lat' dir='ltr'>se</span> <span class='ocrx_word' id='word_1_58' title='bbox 820 1495 1007 1560; x_wconf 84' lang='lat' dir='ltr'>Isocratiam</span> <span class='ocrx_word' id='word_1_59' title='bbox 1031 1496 1187 1562; x_wconf 84' lang='lat' dir='ltr'>rationem</span> <span class='ocrx_word' id='word_1_60' title='bbox 1206 1517 1333 1562; x_wconf 90' lang='lat' dir='ltr'>omnem</span> <span class='ocrx_word' id='word_1_61' title='bbox 1349 1496 1544 1581; x_wconf 77' lang='lat' dir='ltr'>complecti?</span> <span class='ocrx_word' id='word_1_62' title='bbox 1670 1545 1671 1552; x_wconf 56' lang='lat'>.</span> 
     </span>
    </p>
   </div>
   <div class='ocr_carea' id='block_1_4' title="bbox 466 1620 1545 1708">
    <p class='ocr_par' dir='ltr' id='par_1_4' title="bbox 466 1617 1671 1708">
     <span class='ocr_line' id='line_1_9' title="bbox 466 1620 1545 1708; baseline -0.009 -17"><span class='ocrx_word' id='word_1_63' title='bbox 466 1624 590 1708; x_wconf 82' lang='lat' dir='ltr'>Nempe</span> <span class='ocrx_word' id='word_1_64' title='bbox 617 1621 697 1688; x_wconf 87' lang='lat' dir='ltr'>illud</span> <span class='ocrx_word' id='word_1_65' title='bbox 720 1621 904 1708; x_wconf 81' lang='lat' dir='ltr'>significat,</span> <span class='ocrx_word' id='word_1_66' title='bbox 928 1620 989 1686; x_wconf 89' lang='lat' dir='ltr'>nisi</span> <span class='ocrx_word' id='word_1_67' title='bbox 1012 1621 1120 1686; x_wconf 91' lang='lat' dir='ltr'>omnia</span> <span class='ocrx_word' id='word_1_68' title='bbox 1142 1621 1284 1687; x_wconf 85' lang='lat' dir='ltr'>fallunt:</span> <span class='ocrx_word' id='word_1_69' title='bbox 1321 1643 1355 1687; x_wconf 91' lang='lat' dir='ltr'>se</span> <span class='ocrx_word' id='word_1_70' title='bbox 1388 1643 1438 1699; x_wconf 89' lang='lat' dir='ltr'>ea,</span> <span class='ocrx_word' id='word_1_71' title='bbox 1462 1643 1545 1706; x_wconf 88' lang='lat' dir='ltr'>quae</span> 
     </span>
    </p>
   </div>
   <div class='ocr_carea' id='block_1_5' title="bbox 422 1733 1671 1840">
    <p class='ocr_par' dir='ltr' id='par_1_5' title="bbox 422 1733 1671 1840">
     <span class='ocr_line' id='line_1_10' title="bbox 422 1733 1671 1840; baseline -0.005 -26"><span class='ocrx_word' id='word_1_72' title='bbox 422 1747 572 1814; x_wconf 81' lang='lat' dir='ltr'>Isocratis</span> <span class='ocrx_word' id='word_1_73' title='bbox 595 1748 723 1813; x_wconf 91' lang='lat' dir='ltr'>nomine</span> <span class='ocrx_word' id='word_1_74' title='bbox 745 1747 779 1811; x_wconf 91' lang='lat' dir='ltr'>iu</span> <span class='ocrx_word' id='word_1_75' title='bbox 805 1745 913 1833; x_wconf 86' lang='lat' dir='ltr'>aliqua</span> <span class='ocrx_word' id='word_1_76' title='bbox 927 1733 1092 1811; x_wconf 86' lang='lat' dir='ltr'>rhetorum</span> <span class='ocrx_word' id='word_1_77' title='bbox 1104 1746 1215 1813; x_wconf 88' lang='lat' dir='ltr'>schola</span> <span class='ocrx_word' id='word_1_78' title='bbox 1227 1744 1438 1812; x_wconf 87' lang='lat' dir='ltr'>tradebantur</span> <span class='ocrx_word' id='word_1_79' title='bbox 1450 1767 1544 1831; x_wconf 87' lang='lat' dir='ltr'>prce·</span> <span class='ocrx_word' id='word_1_80' title='bbox 1670 1777 1671 1840; x_wconf 25' lang='grc' dir='ltr'><strong>ᾗ</strong></span> 
     </span>
    </p>
   </div>
   <div class='ocr_carea' id='block_1_6' title="bbox 422 1870 1671 1958">
    <p class='ocr_par' dir='ltr' id='par_1_6' title="bbox 422 1870 1671 1958">
     <span class='ocr_line' id='line_1_11' title="bbox 422 1870 1671 1958; baseline -0.005 -19"><span class='ocrx_word' id='word_1_81' title='bbox 422 1878 537 1958; x_wconf 87' lang='lat' dir='ltr'>cepta,</span> <span class='ocrx_word' id='word_1_82' title='bbox 564 1872 630 1938; x_wconf 87' lang='lat' dir='ltr'>suis</span> <span class='ocrx_word' id='word_1_83' title='bbox 660 1871 751 1936; x_wconf 87' lang='lat' dir='ltr'>libris</span> <span class='ocrx_word' id='word_1_84' title='bbox 781 1870 1068 1954; x_wconf 73' lang='lat' dir='ltr'>comprehendisse.</span> <span class='ocrx_word' id='word_1_85' title='bbox 1103 1871 1186 1936; x_wconf 84' lang='lat' dir='ltr'>Nem</span> <span class='ocrx_word' id='word_1_86' title='bbox 1220 1871 1331 1936; x_wconf 89' lang='lat' dir='ltr'>eodem</span> <span class='ocrx_word' id='word_1_87' title='bbox 1362 1871 1423 1953; x_wconf 91' lang='lat' dir='ltr'>ipsi</span> <span class='ocrx_word' id='word_1_88' title='bbox 1454 1871 1543 1936; x_wconf 85' lang='lat' dir='ltr'>loco:</span> <span class='ocrx_word' id='word_1_89' title='bbox 1670 1935 1671 1946; x_wconf 20' lang='lat'>¹</span> 
     </span>
    </p>
   </div>
   <div class='ocr_carea' id='block_1_7' title="bbox 418 1994 1548 3694">
    <p class='ocr_par' dir='ltr' id='par_1_7' title="bbox 418 1994 1548 3694">
     <span class='ocr_line' id='line_1_12' title="bbox 423 1994 1543 2080; baseline 0.004 -23"><span class='ocrx_word' id='word_1_90' title='bbox 423 1995 683 2080; x_wconf 88' lang='lat' dir='ltr'>»Discipulorurn</span> <span class='ocrx_word' id='word_1_91' title='bbox 707 1997 826 2070; x_wconf 83' lang='lat' dir='ltr'>autem,</span> <span class='ocrx_word' id='word_1_92' title='bbox 849 1994 966 2079; x_wconf 89' lang='lat' dir='ltr'>inquit,</span> <span class='ocrx_word' id='word_1_93' title='bbox 990 1997 1086 2078; x_wconf 87' lang='lat' dir='ltr'>atque</span> <span class='ocrx_word' id='word_1_94' title='bbox 1109 2015 1230 2071; x_wconf 88' lang='lat' dir='ltr'>eorum,</span> <span class='ocrx_word' id='word_1_95' title='bbox 1246 1995 1303 2078; x_wconf 93' lang='lat' dir='ltr'>qui</span> <span class='ocrx_word' id='word_1_96' title='bbox 1326 1995 1476 2080; x_wconf 88' lang='lat' dir='ltr'>protinus</span> <span class='ocrx_word' id='word_1_97' title='bbox 1502 1997 1543 2061; x_wconf 88' lang='lat' dir='ltr'>ab</span> 
     </span>
     <span class='ocr_line' id='line_1_13' title="bbox 421 2118 1543 2207; baseline -0.001 -21"><span class='ocrx_word' id='word_1_98' title='bbox 421 2121 482 2187; x_wconf 90' lang='lat' dir='ltr'>hec</span> <span class='ocrx_word' id='word_1_99' title='bbox 505 2125 580 2186; x_wconf 90' lang='lat' dir='ltr'>sunt</span> <span class='ocrx_word' id='word_1_100' title='bbox 604 2119 771 2205; x_wconf 89' lang='lat' dir='ltr'>disciplina</span> <span class='ocrx_word' id='word_1_101' title='bbox 795 2119 941 2204; x_wconf 82' lang='lat' dir='ltr'>profecti,</span> <span class='ocrx_word' id='word_1_102' title='bbox 965 2118 1068 2184; x_wconf 87' lang='lat' dir='ltr'>multa</span> <span class='ocrx_word' id='word_1_103' title='bbox 1090 2120 1128 2185; x_wconf 89' lang='lat' dir='ltr'>de</span> <span class='ocrx_word' id='word_1_104' title='bbox 1149 2123 1220 2192; x_wconf 81' lang='lat' dir='ltr'>arte</span> <span class='ocrx_word' id='word_1_105' title='bbox 1242 2121 1543 2207; x_wconf 84' lang='lat' dir='ltr'>praeceptareperi-</span> 
     </span>
     <span class='ocr_line' id='line_1_14' title="bbox 423 2242 1537 2331; baseline -0.001 -21"><span class='ocrx_word' id='word_1_106' title='bbox 423 2245 524 2311; x_wconf 89' lang='lat' dir='ltr'>mus.”</span> <span class='ocrx_word' id='word_1_107' title='bbox 548 2244 574 2331; x_wconf 78' lang='lat'>³)</span> <span class='ocrx_word' id='word_1_108' title='bbox 598 2245 685 2322; x_wconf 82' lang='lat' dir='ltr'>Quae</span> <span class='ocrx_word' id='word_1_109' title='bbox 708 2266 784 2309; x_wconf 84' lang='lat' dir='ltr'>vero</span> <span class='ocrx_word' id='word_1_110' title='bbox 807 2243 904 2328; x_wconf 87' lang='lat' dir='ltr'>hujus</span> <span class='ocrx_word' id='word_1_111' title='bbox 923 2242 1109 2328; x_wconf 87' lang='lat' dir='ltr'>disciplinae</span> <span class='ocrx_word' id='word_1_112' title='bbox 1132 2248 1303 2329; x_wconf 88' lang='lat' dir='ltr'>praecepta</span> <span class='ocrx_word' id='word_1_113' title='bbox 1325 2245 1463 2310; x_wconf 86' lang='lat' dir='ltr'>maxime</span> <span class='ocrx_word' id='word_1_114' title='bbox 1486 2267 1537 2309; x_wconf 86' lang='lat' dir='ltr'>as·</span> 
     </span>
     <span class='ocr_line' id='line_1_15' title="bbox 421 2367 1548 2454; baseline 0 -20"><span class='ocrx_word' id='word_1_115' title='bbox 421 2369 593 2454; x_wconf 80' lang='lat' dir='ltr'>sumpserit</span> <span class='ocrx_word' id='word_1_116' title='bbox 615 2367 752 2446; x_wconf 84' lang='lat' dir='ltr'>Tullius,</span> <span class='ocrx_word' id='word_1_117' title='bbox 777 2391 815 2434; x_wconf 89' lang='lat' dir='ltr'>ex</span> <span class='ocrx_word' id='word_1_118' title='bbox 834 2367 983 2440; x_wconf 83' lang='lat' dir='ltr'>leudibus</span> <span class='ocrx_word' id='word_1_119' title='bbox 998 2367 1115 2452; x_wconf 91' lang='lat' dir='ltr'>quibus</span> <span class='ocrx_word' id='word_1_120' title='bbox 1130 2367 1304 2435; x_wconf 89' lang='lat' dir='ltr'>Isocratem</span> <span class='ocrx_word' id='word_1_121' title='bbox 1316 2391 1430 2434; x_wconf 89' lang='lat' dir='ltr'>ornare</span> <span class='ocrx_word' id='word_1_122' title='bbox 1442 2370 1548 2447; x_wconf 55' lang='lat' dir='ltr'>solet*</span> 
     </span>
     <span class='ocr_line' id='line_1_16' title="bbox 420 2492 1534 2580; baseline -0.002 -20"><span class='ocrx_word' id='word_1_123' title='bbox 420 2494 513 2561; x_wconf 80' lang='lat' dir='ltr'>facile</span> <span class='ocrx_word' id='word_1_124' title='bbox 538 2494 711 2580; x_wconf 84' lang='lat' dir='ltr'>colligitur.</span> <span class='ocrx_word' id='word_1_125' title='bbox 747 2492 829 2558; x_wconf 88' lang='lat' dir='ltr'>»Hic</span> <span class='ocrx_word' id='word_1_126' title='bbox 852 2492 997 2577; x_wconf 89' lang='lat' dir='ltr'>primus,</span> <span class='ocrx_word' id='word_1_127' title='bbox 1019 2492 1065 2557; x_wconf 90' lang='lat' dir='ltr'>ita</span> <span class='ocrx_word' id='word_1_128' title='bbox 1093 2492 1140 2558; x_wconf 85' lang='lat' dir='ltr'>ait</span> <span class='ocrx_word' id='word_1_129' title='bbox 1166 2493 1200 2557; x_wconf 92' lang='lat' dir='ltr'>in</span> <span class='ocrx_word' id='word_1_130' title='bbox 1223 2492 1307 2558; x_wconf 93' lang='lat' dir='ltr'>libro</span> <span class='ocrx_word' id='word_1_131' title='bbox 1336 2493 1392 2577; x_wconf 91' lang='lat' dir='ltr'>qui</span> <span class='ocrx_word' id='word_1_132' title='bbox 1419 2494 1534 2559; x_wconf 89' lang='lat' dir='ltr'>dicitur</span> 
     </span>
     <span class='ocr_line' id='line_1_17' title="bbox 421 2616 1536 2697; baseline -0.002 -12"><span class='ocrx_word' id='word_1_133' title='bbox 421 2618 556 2697; x_wconf 84' lang='lat' dir='ltr'>Orator,</span> <span class='ocrx_word' id='word_1_134' title='bbox 586 2618 728 2684; x_wconf 88' lang='lat' dir='ltr'>instituit</span> <span class='ocrx_word' id='word_1_135' title='bbox 751 2616 886 2682; x_wconf 87' lang='lat' dir='ltr'>dilatare</span> <span class='ocrx_word' id='word_1_136' title='bbox 911 2617 1015 2683; x_wconf 86' lang='lat' dir='ltr'>verbis</span> <span class='ocrx_word' id='word_1_137' title='bbox 1038 2621 1071 2682; x_wconf 91' lang='lat' dir='ltr'>et</span> <span class='ocrx_word' id='word_1_138' title='bbox 1093 2616 1294 2683; x_wconf 88' lang='lat' dir='ltr'>mollioribus</span> <span class='ocrx_word' id='word_1_139' title='bbox 1317 2617 1458 2685; x_wconf 86' lang='lat' dir='ltr'>numeris</span> <span class='ocrx_word' id='word_1_140' title='bbox 1482 2640 1536 2683; x_wconf 87' lang='lat' dir='ltr'>ex·</span> 
     </span>
     <span class='ocr_line' id='line_1_18' title="bbox 420 2739 1535 2828; baseline -0.004 -19"><span class='ocrx_word' id='word_1_141' title='bbox 420 2742 507 2828; x_wconf 88' lang='lat' dir='ltr'>plere</span> <span class='ocrx_word' id='word_1_142' title='bbox 530 2741 735 2808; x_wconf 88' lang='lat' dir='ltr'>sententias.”</span> <span class='ocrx_word' id='word_1_143' title='bbox 751 2739 778 2827; x_wconf 72' lang='lat'>⁶)</span> <span class='ocrx_word' id='word_1_144' title='bbox 801 2740 850 2806; x_wconf 81' lang='lat' dir='ltr'>Ac</span> <span class='ocrx_word' id='word_1_145' title='bbox 873 2762 982 2806; x_wconf 90' lang='lat' dir='ltr'>rursus</span> <span class='ocrx_word' id='word_1_146' title='bbox 1005 2741 1038 2806; x_wconf 91' lang='lat' dir='ltr'>in</span> <span class='ocrx_word' id='word_1_147' title='bbox 1063 2740 1181 2806; x_wconf 86' lang='lat' dir='ltr'>Bruto:</span> <span class='ocrx_word' id='word_1_148' title='bbox 1206 2739 1354 2805; x_wconf 82' lang='lat' dir='ltr'>»Primus</span> <span class='ocrx_word' id='word_1_149' title='bbox 1376 2739 1535 2805; x_wconf 85' lang='lat' dir='ltr'>intellexit</span> 
     </span>
     <span class='ocr_line' id='line_1_19' title="bbox 420 2865 1535 2950; baseline -0.003 -17"><span class='ocrx_word' id='word_1_150' title='bbox 420 2869 518 2934; x_wconf 89' lang='lat' dir='ltr'>etiam</span> <span class='ocrx_word' id='word_1_151' title='bbox 546 2868 579 2933; x_wconf 91' lang='lat' dir='ltr'>in</span> <span class='ocrx_word' id='word_1_152' title='bbox 603 2865 710 2932; x_wconf 88' lang='lat' dir='ltr'>soluta</span> <span class='ocrx_word' id='word_1_153' title='bbox 733 2867 899 2945; x_wconf 86' lang='lat' dir='ltr'>oratione,</span> <span class='ocrx_word' id='word_1_154' title='bbox 933 2867 1009 2932; x_wconf 91' lang='lat' dir='ltr'>dum</span> <span class='ocrx_word' id='word_1_155' title='bbox 1040 2888 1168 2933; x_wconf 84' lang='lat' dir='ltr'>versum</span> <span class='ocrx_word' id='word_1_156' title='bbox 1195 2866 1373 2950; x_wconf 84' lang='lat' dir='ltr'>effugeres,</span> <span class='ocrx_word' id='word_1_157' title='bbox 1406 2865 1535 2930; x_wconf 89' lang='lat' dir='ltr'>modum</span> 
     </span>
     <span class='ocr_line' id='line_1_20' title="bbox 420 2986 1535 3075; baseline -0.003 -19"><span class='ocrx_word' id='word_1_158' title='bbox 420 2995 527 3056; x_wconf 89' lang='lat' dir='ltr'>tamen</span> <span class='ocrx_word' id='word_1_159' title='bbox 550 2992 583 3054; x_wconf 87' lang='lat' dir='ltr'>et</span> <span class='ocrx_word' id='word_1_160' title='bbox 594 3011 762 3054; x_wconf 88' lang='lat' dir='ltr'>numerum</span> <span class='ocrx_word' id='word_1_161' title='bbox 775 2989 944 3075; x_wconf 87' lang='lat' dir='ltr'>quemdam</span> <span class='ocrx_word' id='word_1_162' title='bbox 964 2993 1111 3073; x_wconf 90' lang='lat' dir='ltr'>oportere</span> <span class='ocrx_word' id='word_1_163' title='bbox 1123 2987 1276 3054; x_wconf 85' lang='lat' dir='ltr'>servari.&#39;&#39;</span> <span class='ocrx_word' id='word_1_164' title='bbox 1290 2986 1317 3073; x_wconf 60' lang='grc' dir='ltr'>ὃ)</span> <span class='ocrx_word' id='word_1_165' title='bbox 1334 3027 1368 3035; x_wconf 90' lang='lat'>-</span> <span class='ocrx_word' id='word_1_166' title='bbox 1390 2987 1535 3073; x_wconf 91' lang='lat' dir='ltr'>Itemque</span> 
     </span>
     <span class='ocr_line' id='line_1_21' title="bbox 419 3111 1535 3197; baseline 0 -19"><span class='ocrx_word' id='word_1_167' title='bbox 419 3113 454 3178; x_wconf 92' lang='lat' dir='ltr'>in</span> <span class='ocrx_word' id='word_1_168' title='bbox 477 3112 542 3178; x_wconf 93' lang='lat' dir='ltr'>illis</span> <span class='ocrx_word' id='word_1_169' title='bbox 566 3111 680 3191; x_wconf 86' lang='lat' dir='ltr'>libris,</span> <span class='ocrx_word' id='word_1_170' title='bbox 710 3113 748 3178; x_wconf 88' lang='lat' dir='ltr'>de</span> <span class='ocrx_word' id='word_1_171' title='bbox 771 3113 887 3196; x_wconf 92' lang='lat' dir='ltr'>quibus</span> <span class='ocrx_word' id='word_1_172' title='bbox 910 3134 996 3178; x_wconf 89' lang='lat' dir='ltr'>nunc</span> <span class='ocrx_word' id='word_1_173' title='bbox 1019 3113 1239 3197; x_wconf 86' lang='lat' dir='ltr'>disputamus:</span> <span class='ocrx_word' id='word_1_174' title='bbox 1270 3112 1444 3197; x_wconf 82' lang='lat' dir='ltr'>»Princeps</span> <span class='ocrx_word' id='word_1_175' title='bbox 1467 3113 1535 3178; x_wconf 91' lang='lat' dir='ltr'>Iso-</span> 
     </span>
     <span class='ocr_line' id='line_1_22' title="bbox 420 3235 1534 3321; baseline 0 -19"><span class='ocrx_word' id='word_1_176' title='bbox 420 3241 522 3302; x_wconf 79' lang='lat' dir='ltr'>crates</span> <span class='ocrx_word' id='word_1_177' title='bbox 552 3235 730 3302; x_wconf 85' lang='lat' dir='ltr'>instituisse</span> <span class='ocrx_word' id='word_1_178' title='bbox 750 3237 854 3300; x_wconf 87' lang='lat' dir='ltr'>fertur</span> <span class='ocrx_word' id='word_1_179' title='bbox 881 3240 918 3300; x_wconf 91' lang='lat' dir='ltr'>ut</span> <span class='ocrx_word' id='word_1_180' title='bbox 948 3236 1144 3300; x_wconf 87' lang='lat' dir='ltr'>inconditam</span> <span class='ocrx_word' id='word_1_181' title='bbox 1174 3236 1381 3321; x_wconf 85' lang='lat' dir='ltr'>antiquorum</span> <span class='ocrx_word' id='word_1_182' title='bbox 1412 3236 1534 3302; x_wconf 87' lang='lat' dir='ltr'>dicendi</span> 
     </span>
     <span class='ocr_line' id='line_1_23' title="bbox 419 3359 1534 3444; baseline 0.001 -19"><span class='ocrx_word' id='word_1_183' title='bbox 419 3361 681 3426; x_wconf 87' lang='lat' dir='ltr'>cousuetudinem</span> <span class='ocrx_word' id='word_1_184' title='bbox 715 3359 935 3424; x_wconf 78' lang='lat' dir='ltr'>delectationis</span> <span class='ocrx_word' id='word_1_185' title='bbox 970 3363 1068 3444; x_wconf 89' lang='lat' dir='ltr'>atque</span> <span class='ocrx_word' id='word_1_186' title='bbox 1104 3360 1230 3425; x_wconf 89' lang='lat' dir='ltr'>aurium</span> <span class='ocrx_word' id='word_1_187' title='bbox 1264 3381 1359 3426; x_wconf 87' lang='lat' dir='ltr'>causa</span> <span class='ocrx_word' id='word_1_188' title='bbox 1394 3362 1534 3426; x_wconf 89' lang='lat' dir='ltr'>numeris</span> 
     </span>
     <span class='ocr_line' id='line_1_24' title="bbox 419 3482 1533 3571; baseline 0.001 -22"><span class='ocrx_word' id='word_1_189' title='bbox 419 3484 645 3571; x_wconf 85' lang='lat' dir='ltr'>astringeret.”</span> <span class='ocrx_word' id='word_1_190' title='bbox 666 3483 692 3570; x_wconf 82' lang='grc'>6)</span> <span class='ocrx_word' id='word_1_191' title='bbox 717 3482 767 3547; x_wconf 89' lang='lat' dir='ltr'>lta</span> <span class='ocrx_word' id='word_1_192' title='bbox 790 3484 893 3570; x_wconf 88' lang='lat' dir='ltr'>igitur</span> <span class='ocrx_word' id='word_1_193' title='bbox 917 3483 1125 3550; x_wconf 82' lang='lat' dir='ltr'>»Isocratiam</span> <span class='ocrx_word' id='word_1_194' title='bbox 1146 3484 1325 3550; x_wconf 89' lang='lat' dir='ltr'>rationem’&#39;</span> <span class='ocrx_word' id='word_1_195' title='bbox 1350 3485 1533 3570; x_wconf 87' lang='lat' dir='ltr'>complexus</span> 
     </span>
     <span class='ocr_line' id='line_1_25' title="bbox 418 3606 1534 3694; baseline 0.004 -22"><span class='ocrx_word' id='word_1_196' title='bbox 418 3610 467 3672; x_wconf 90' lang='lat' dir='ltr'>est</span> <span class='ocrx_word' id='word_1_197' title='bbox 490 3606 616 3692; x_wconf 86' lang='lat' dir='ltr'>Cicero,</span> <span class='ocrx_word' id='word_1_198' title='bbox 641 3611 679 3672; x_wconf 91' lang='lat' dir='ltr'>ut</span> <span class='ocrx_word' id='word_1_199' title='bbox 702 3629 766 3672; x_wconf 93' lang='lat' dir='ltr'>non</span> <span class='ocrx_word' id='word_1_200' title='bbox 790 3607 883 3676; x_wconf 76' lang='lat' dir='ltr'>morlo</span> <span class='ocrx_word' id='word_1_201' title='bbox 906 3607 938 3671; x_wconf 92' lang='lat' dir='ltr'>in</span> <span class='ocrx_word' id='word_1_202' title='bbox 970 3607 1021 3672; x_wconf 91' lang='lat' dir='ltr'>his</span> <span class='ocrx_word' id='word_1_203' title='bbox 1050 3606 1141 3672; x_wconf 88' lang='lat' dir='ltr'>libris</span> <span class='ocrx_word' id='word_1_204' title='bbox 1169 3608 1224 3672; x_wconf 88' lang='lat' dir='ltr'>sed</span> <span class='ocrx_word' id='word_1_205' title='bbox 1247 3609 1350 3694; x_wconf 79' lang='lat' dir='ltr'>magis</span> <span class='ocrx_word' id='word_1_206' title='bbox 1381 3610 1479 3676; x_wconf 90' lang='lat' dir='ltr'>ctiam</span> <span class='ocrx_word' id='word_1_207' title='bbox 1501 3611 1534 3675; x_wconf 91' lang='lat' dir='ltr'>in</span> 
     </span>
    </p>
   </div>
   <div class='ocr_carea' id='block_1_8' title="bbox 452 3925 1531 4438">
    <p class='ocr_par' dir='ltr' id='par_1_8' title="bbox 452 3925 1531 4081">
     <span class='ocr_line' id='line_1_26' title="bbox 453 3925 1531 3997; baseline 0.003 -16"><span class='ocrx_word' id='word_1_208' title='bbox 453 3925 479 3995; x_wconf 87' lang='lat' dir='ltr'>l)</span> <span class='ocrx_word' id='word_1_209' title='bbox 498 3926 537 3981; x_wconf 87' lang='lat' dir='ltr'>De</span> <span class='ocrx_word' id='word_1_210' title='bbox 555 3925 612 3980; x_wconf 83' lang='lat' dir='ltr'>lnr.</span> <span class='ocrx_word' id='word_1_211' title='bbox 629 3927 647 3978; x_wconf 92' lang='lat' dir='ltr'>l.</span> <span class='ocrx_word' id='word_1_212' title='bbox 658 3925 689 3980; x_wconf 93' lang='lat' dir='ltr'>ll.</span> <span class='ocrx_word' id='word_1_213' title='bbox 704 3927 728 3983; x_wconf 86' lang='lat'>7.</span> <span class='ocrx_word' id='word_1_214' title='bbox 743 3927 776 3978; x_wconf 87' lang='lat' dir='ltr'>cf.</span> <span class='ocrx_word' id='word_1_215' title='bbox 791 3925 852 3978; x_wconf 90' lang='lat' dir='ltr'>Plut</span> <span class='ocrx_word' id='word_1_216' title='bbox 870 3927 915 3978; x_wconf 87' lang='lat' dir='ltr'>vit.</span> <span class='ocrx_word' id='word_1_217' title='bbox 926 3925 1005 3979; x_wconf 90' lang='lat' dir='ltr'>lsocr.</span> <span class='ocrx_word' id='word_1_218' title='bbox 1019 3927 1084 3991; x_wconf 79' lang='lat'>§32¹</span> <span class='ocrx_word' id='word_1_219' title='bbox 1100 3954 1133 3964; x_wconf 96' lang='lat'>-</span> <span class='ocrx_word' id='word_1_220' title='bbox 1147 3927 1255 3981; x_wconf 86' lang='lat' dir='ltr'>Aristot.</span> <span class='ocrx_word' id='word_1_221' title='bbox 1269 3927 1531 3997; x_wconf 81' lang='lat' dir='ltr'>n.133(0d.Bor01.)</span> 
     </span>
     <span class='ocr_line' id='line_1_27' title="bbox 452 4013 822 4081; baseline -0.005 -13"><span class='ocrx_word' id='word_1_222' title='bbox 452 4018 479 4078; x_wconf 79' lang='lat' dir='ltr'>a)</span> <span class='ocrx_word' id='word_1_223' title='bbox 498 4014 589 4078; x_wconf 78' lang='lat' dir='ltr'>Qun».</span> <span class='ocrx_word' id='word_1_224' title='bbox 607 4015 625 4068; x_wconf 87' lang='lat' dir='ltr'>r.</span> <span class='ocrx_word' id='word_1_225' title='bbox 645 4014 677 4068; x_wconf 87' lang='lat'>11.</span> <span class='ocrx_word' id='word_1_226' title='bbox 697 4016 739 4068; x_wconf 81' lang='lat'>15.</span> <span class='ocrx_word' id='word_1_227' title='bbox 759 4013 775 4081; x_wconf 68' lang='lat' dir='ltr'>e</span> <span class='ocrx_word' id='word_1_228' title='bbox 798 4017 822 4067; x_wconf 78' lang='lat'>4.</span> 
     </span>
    </p>

    <p class='ocr_par' dir='ltr' id='par_1_9' title="bbox 452 4102 692 4169">
     <span class='ocr_line' id='line_1_28' title="bbox 452 4102 692 4169; baseline -0.008 -11"><span class='ocrx_word' id='word_1_229' title='bbox 452 4105 481 4169; x_wconf 91' lang='grc'>3)</span> <span class='ocrx_word' id='word_1_230' title='bbox 499 4102 539 4158; x_wconf 90' lang='lat' dir='ltr'>Da</span> <span class='ocrx_word' id='word_1_231' title='bbox 557 4102 614 4158; x_wconf 79' lang='lat' dir='ltr'>lnr.</span> <span class='ocrx_word' id='word_1_232' title='bbox 632 4105 649 4156; x_wconf 92' lang='lat' dir='ltr'>l.</span> <span class='ocrx_word' id='word_1_233' title='bbox 669 4118 692 4156; x_wconf 90' lang='lat' dir='ltr'>c.</span> 
     </span>
    </p>

    <p class='ocr_par' dir='ltr' id='par_1_10' title="bbox 453 4191 607 4258">
     <span class='ocr_line' id='line_1_29' title="bbox 453 4191 607 4258; baseline 0 -12"><span class='ocrx_word' id='word_1_234' title='bbox 453 4194 481 4258; x_wconf 77' lang='lat' dir='ltr'>l)</span> <span class='ocrx_word' id='word_1_235' title='bbox 499 4191 544 4247; x_wconf 90' lang='lat' dir='ltr'>Or.</span> <span class='ocrx_word' id='word_1_236' title='bbox 564 4194 607 4246; x_wconf 77' lang='grc'>40.</span> 
     </span>
    </p>

    <p class='ocr_par' dir='ltr' id='par_1_11' title="bbox 452 4279 634 4347">
     <span class='ocr_line' id='line_1_30' title="bbox 452 4279 634 4347; baseline -0.005 -12"><span class='ocrx_word' id='word_1_237' title='bbox 452 4283 481 4347; x_wconf 88' lang='grc'>5)</span> <span class='ocrx_word' id='word_1_238' title='bbox 498 4279 572 4336; x_wconf 89' lang='lat' dir='ltr'>Brut.</span> <span class='ocrx_word' id='word_1_239' title='bbox 591 4282 634 4335; x_wconf 83' lang='grc'>31.</span> 
     </span>
    </p>

    <p class='ocr_par' dir='ltr' id='par_1_12' title="bbox 452 4368 727 4438">
     <span class='ocr_line' id='line_1_31' title="bbox 452 4368 727 4438; baseline 0 -14"><span class='ocrx_word' id='word_1_240' title='bbox 452 4368 479 4438; x_wconf 86' lang='grc'>6)</span> <span class='ocrx_word' id='word_1_241' title='bbox 498 4369 538 4426; x_wconf 88' lang='lat' dir='ltr'>Dc</span> <span class='ocrx_word' id='word_1_242' title='bbox 556 4368 601 4426; x_wconf 90' lang='lat' dir='ltr'>Or.</span> <span class='ocrx_word' id='word_1_243' title='bbox 619 4371 645 4425; x_wconf 84' lang='lat'>3.</span> <span class='ocrx_word' id='word_1_244' title='bbox 666 4371 727 4424; x_wconf 80' lang='lat'>173.</span> 
     </span>
    </p>
   </div>
   <div class='ocr_carea' id='block_1_9' title="bbox 0 0 1688 5206">
    <p class='ocr_par' dir='ltr' id='par_1_13' title="bbox 0 0 1688 5206">
     <span class='ocr_line' id='line_1_32' title="bbox 0 0 1688 5206; baseline 0 0"><span class='ocrx_word' id='word_1_245' title='bbox 0 0 1688 5206; x_wconf 95' lang='lat' dir='ltr'> </span> 
     </span>
    </p>
   </div>
  </div>
 </body>
</html>
