3404 5198
721 598 762 660 13

116 821 119 825 '
176 809 379 895 potissimum
410 809 651 890 relevaretur,
687 815 720 877 et
753 803 974 896 prodessemus
1002 811 1125 878 civibus
1159 812 1296 893 nostris,

177 955 278 1018 quare
302 955 439 1018 cumque
462 936 660 1018 possemus.‘'
683 935 710 1014 ¹)

224 1059 369 1125 Haecin
393 1060 501 1127 animo
525 1060 675 1146 habebat.
700 1059 824 1144 'Itaque
857 1083 922 1144 qua
952 1066 1021 1128 arte
1045 1063 1112 1146 ipse
1135 1083 1217 1127 unus
1241 1084 1296 1126 ex·

180 1182 325 1262 cedebat,
350 1184 402 1248 oui
424 1184 579 1269 quidquid
591 1185 624 1249 in
642 1183 773 1249 civitate
789 1183 927 1264 valebat,
944 1185 1103 1251 referebat
1121 1191 1298 1271 acceptum,

179 1307 409 1391 comprimam
432 1307 550 1375 docuit.
586 1307 699 1392 Neque
722 1306 898 1392 quidquam
921 1309 1127 1388 adversatur,
1150 1309 1235 1394 quod
1257 1310 1297 1374 iis
1402 1399 1404 1402 Ι

178 1430 257 1496 locis
280 1454 360 1516 quos
376 1433 470 1498 modo
486 1432 653 1498 attulimus
670 1432 708 1496 de
723 1431 946 1518 philosophiae
966 1434 1080 1499 studiis
1095 1434 1297 1518 potissimum

179 1555 216 1619 fit
238 1557 376 1622 mentio:
400 1557 427 1621 si
450 1557 598 1641 quidem,
621 1596 666 1607 -
688 1562 726 1622 ut
748 1557 851 1636 infra,
874 1558 929 1624 ubi
952 1558 990 1624 de
1014 1557 1159 1623 doctrina
1181 1556 1296 1621 horum

177 1678 335 1746 librorum
359 1703 463 1746 sermo
482 1682 554 1761 erit,
577 1681 674 1749 latius
693 1705 899 1767 exponemus
923 1723 964 1734 -
985 1680 1208 1768 philosophiae
1228 1683 1297 1745 stu·

180 1803 231 1868 dia
255 1805 392 1870 maxime
416 1809 581 1890 tamquam
596 1806 732 1902 oratoris
747 1807 888 1871 subsidia
899 1829 918 1871 a
931 1805 1082 1872 Cicerone
1094 1803 1296 1880 colebantur3

178 1949 281 2012 neque
304 1929 445 2012 perfecta
468 1933 538 1995 erat
561 1930 628 2013 ejus
635 1929 757 2014 judicio
772 1929 978 2014 philosophia
990 1930 1056 1995 ulla
1068 1929 1130 1995 nisi
1144 1951 1247 2014 »quae
1259 1928 1297 1992 de

180 2051 327 2116 maximis
338 2053 581 2136 quaestionibus
594 2054 720 2137 copiose
732 2058 840 2138 posset
851 2058 1026 2138 ornateque
1038 2051 1174 2118 dioere.”
1194 2051 1297 2116 Immo

179 2173 328 2239 universa
360 2176 522 2241 sententia
549 2175 705 2241 librorum
736 2176 774 2242 de
798 2176 934 2242 Oratore
957 2200 994 2242 ea
1017 2181 1075 2257 est,
1099 2181 1137 2241 ut
1160 2176 1298 2241 maxime

178 2297 219 2362 ad
243 2297 343 2364 libros
366 2298 440 2364 illos
471 2298 695 2386 philosophiae
722 2301 905 2366 scribendos
927 2301 1141 2389 legendosque
1163 2322 1298 2385 praepa-

177 2425 251 2486 rent
274 2421 397 2487 animos
420 2427 518 2508 atque
540 2423 695 2490 alliciant.
720 2423 782 2490 Sed
804 2426 864 2490 hac
887 2426 926 2491 de
949 2447 983 2490 re
1005 2429 1126 2510 postea.

223 2545 313 2622 Quod
343 2547 371 2613 si
401 2549 473 2632 quis
508 2549 588 2615 seire
618 2549 742 2634 cupiat:
779 2550 917 2616 fueritne
946 2551 981 2615 in
1013 2550 1144 2615 civitate
1180 2571 1298 2636 magna

178 2667 294 2736 harum
317 2673 579 2757 praeceptionum
610 2674 806 2752 necessitas,
835 2678 964 2759 reputet
1003 2696 1040 2738 ea
1075 2696 1157 2757 quae
1187 2673 1297 2738 Cicero

176 2792 211 2859 in
235 2795 434 2863 Tusculanis.
460 2798 654 2865 »Oratorem
676 2799 748 2864 laus
768 2799 815 2863 ita
831 2800 926 2864 ducta
949 2799 989 2863 ab
1012 2796 1128 2863 humili
1151 2797 1239 2863 venit
1257 2797 1298 2861 ad

178 2940 349 2999 summum,
373 2925 411 2985 ut
430 2921 511 3005 jam,
534 2922 620 3007 quod
641 2926 760 2986 natura
790 2922 910 2987 sertin
933 2921 1169 2987 omnibus-lere
1191 2921 1298 3000 rebus,

178 3049 323 3109 senescat
346 3045 499 3129 brevique
524 3050 668 3131 tempore
691 3046 732 3110 ad
754 3045 892 3111 nihilum
915 3050 1049 3111 ventura
1068 3045 1246 3111 videatur.’'
1269 3046 1298 3132 .²)

177 3163 269 3241 Quod
302 3167 386 3233 idem
406 3172 443 3233 ut
474 3169 584 3253 paucis
611 3169 831 3247 ostendamus,
853 3173 954 3252 utque
981 3168 1107 3253 plenius
1133 3173 1297 3254 appareat,

176 3291 308 3372 quinam
327 3291 448 3355 fuerint
472 3290 520 3355 illi
539 3292 656 3376 quibus
673 3290 783 3357 Cicero
804 3290 968 3357 consulere
990 3293 1139 3371 voluerit,
1157 3294 1297 3360 breviter

174 3414 348 3479 referemus
371 3415 477 3499 qualis
498 3416 596 3480 fuerit
619 3438 719 3499 usque
742 3416 782 3481 ad
805 3415 894 3480 illam
918 3419 1057 3482 aetatem
1076 3418 1160 3482 inter
1177 3417 1297 3484 Roma-

173 3560 234 3603 nos
257 3537 421 3604 institutio
445 3539 595 3604 oratoria.

220 3662 327 3748 Inepti
340 3669 431 3730 erant
454 3665 608 3744 rhetores,
633 3664 688 3748 qui
712 3668 790 3729 tunc
812 3663 934 3729 Romae
953 3664 1076 3730 dicendi
1095 3669 1198 3731 artem
1220 3689 1296 3751 pro·

181 3913 342 3924 nn———nn

211 4073 240 4141 l)
258 4071 324 4127 lbid.
344 4075 369 4128 7.
387 4073 421 4127 cl.
440 4069 480 4128 De
498 4069 556 4126 Fin.
577 4072 593 4126 1.
613 4071 633 4127 1.
652 4075 686 4126 10
708 4070 780 4144 »Ego
797 4091 869 4142 nero,
889 4075 1015 4144 quoniam
1031 4073 1182 4129 forensibus
1200 4075 1296 4144 operis,

175 4162 322 4229 laboribus,
342 4164 468 4231 periculis
485 4179 539 4217 non
557 4163 707 4216 deseruisse
725 4164 792 4216 mihi
810 4164 902 4218 videor
919 4164 1090 4232 praesidium,
1110 4165 1137 4217 in
1148 4181 1201 4233 quo
1217 4181 1234 4217 a
1251 4182 1296 4234 po·

178 4252 243 4320 pulc
262 4250 382 4305 Romano
401 4253 503 4305 locatus
516 4269 584 4319 sum,
602 4252 687 4305 debeo
699 4252 827 4321 prolecto,
843 4257 1086 4322 quantumcumque
1098 4270 1215 4322 possum,
1225 4255 1253 4307 in
1264 4270 1295 4306 eo

174 4356 279 4410 quoque
298 4340 444 4407 elaborare,
463 4344 493 4394 ut
511 4342 565 4394 sint
583 4357 674 4411 opera,
693 4341 790 4412 studio,
808 4342 899 4397 labore
918 4358 977 4397 meo
993 4343 1124 4396 doctiores
1135 4341 1294 4400 civesmei.‘'

210 4430 236 4492 2)
256 4427 335 4484 Tusa.
354 4429 372 4482 l.
391 4428 415 4484 11
433 4431 458 4484 5.
