3366 5206
134 825 204 870 nam
226 826 245 870 a
269 803 383 870 Crasso
407 777 933 870 commendatam'verendumesse
946 824 1007 868 »ne
1024 800 1248 868 abstrahamur

134 928 171 996 ab
192 928 254 994 hae
271 928 500 995 exercitatione
523 934 556 994 et
580 929 808 998 consuetudine
824 927 949 993 dicendi
972 925 1120 1011 populari
1143 929 1176 991 et
1197 926 1248 990 fo·

133 1052 234 1118 reusi”
268 1092 307 1102 -
333 1053 433 1119 videri
464 1054 549 1119 enim
572 1077 751 1120 sermonem
779 1055 858 1118 adeo
881 1051 1044 1118 excultum
1070 1039 1248 1135 palaestrae

133 1177 230 1264 magis
246 1183 280 1242 et
303 1176 366 1243 olei
389 1201 485 1263 quam
509 1177 605 1264 hujus
628 1179 731 1244 civilis
755 1179 869 1244 turbae
892 1199 929 1242 ao
947 1175 1019 1241 fori.
1045 1174 1151 1259 Atque
1172 1174 1248 1239 data

131 1321 223 1384 opera
246 1299 483 1384 philosophiam
507 1301 718 1388 impugnans:
745 1300 879 1378 »Nobis
903 1299 1025 1386 inquit,
1049 1301 1104 1384 qui
1127 1301 1162 1364 in
1187 1298 1248 1364 hoo

131 1423 245 1508 populo
268 1425 403 1510 foroque
427 1447 602 1503 versamur,
618 1424 696 1490 satis
720 1428 769 1490 est
792 1447 830 1489 ea
852 1424 890 1489 de
914 1424 1057 1489 moribus
1081 1422 1247 1487 hominnm

130 1552 160 1612 et
181 1548 262 1614 seire
285 1552 318 1615 et
341 1549 466 1627 dioere,
500 1571 582 1634 quae
605 1571 670 1615 non
693 1548 868 1614 abhorrent
891 1548 932 1612 ab
954 1546 1121 1612 hominum
1146 1544 1246 1611 mori·

129 1671 218 1737 bus.''
242 1672 390 1759 A-vulgi
413 1674 498 1739 enim
521 1673 726 1760 opinionibus
749 1671 934 1758 longissime
957 1669 1077 1734 distare
1100 1667 1246 1753 philoso-

130 1795 263 1879 phorum
291 1797 484 1873 sententias3
512 1819 592 1881 quas
623 1819 687 1862 non
717 1796 822 1862 solum
852 1795 975 1861 Socrati
1005 1794 1060 1858 sed
1088 1793 1185 1858 etiam
1208 1791 1245 1856 P.

131 1917 250 1984 Rutilio
273 1919 358 1984 Rufo
383 1919 525 1985 »homini
548 1922 642 1988 docto
665 1927 699 1987 et
721 1921 942 2008 philosophiae
966 1917 1105 1996 dedito,”
1131 1916 1245 1981 exitio-

30 2031 31 2036 *
132 2065 178 2107 sus
200 2043 317 2120 fuisse3
352 2020 515 2110 hominem
538 2045 623 2110 enim
645 2046 828 2110 Romanum
851 2046 1036 2110 damnatum
1060 2064 1137 2119 esse,
1160 2040 1246 2125 quod

30 2193 31 2250 3
131 2165 160 2230 in
181 2167 315 2232 dicenda
337 2190 434 2233 eausa
457 2172 595 2234 veterem
615 2169 707 2235 illum
722 2169 885 2235 Socratem
902 2170 986 2232 esset
1000 2166 1164 2238 imitatus;
1187 2185 1244 2247 pro

131 2265 189 2372 quo
211 2291 239 2355 si
264 2289 379 2357 Crasso
401 2315 466 2358 non
490 2292 755 2378 philosophorum
780 2315 867 2358 more
886 2292 940 2356 sed
960 2289 1090 2374 proprio
1101 2287 1243 2352 licuisset

30 2407 31 2412 ’
132 2413 239 2492 dioore,
261 2419 346 2480 certe
369 2417 515 2482 futurum
538 2419 646 2496 fuisse,
670 2423 707 2483 ut
730 2417 958 2483 absolveretur.

170 2537 318 2617 Quaeres,
342 2561 398 2604 cur
414 2540 525 2607 (licere
538 2564 595 2626 per
613 2563 780 2626 personam
800 2541 933 2606 Antonii
948 2509 1151 2604 renovaverit
1171 2536 1239 2600 fere

133 2657 308 2728 (lallioleam
334 2664 604 2748 vituperationem
626 2665 715 2731 illius
739 2664 983 2751 philosophiae,
1003 2685 1100 2748 quam
1124 2658 1239 2744 quanti

130 2783 243 2850 faroeret
265 2808 363 2871 supra
385 2789 674 2855 consideravimus?
696 2790 867 2868 Nimirum,
892 2788 967 2873 quia
991 2787 1023 2851 in
1046 2785 1111 2849 illis
1134 2781 1242 2849 erimi-

131 2908 308 2975 nationibus
330 2912 486 2996 quaedam
510 2913 590 2978 vidit
611 2914 698 2979 haud
719 2914 828 2998 inepte
851 2912 1037 2986 observata3
1070 2930 1173 2992 neque
1203 2928 1241 2971 ea

130 3033 250 3114 quidem
273 3036 360 3119 apud
381 3035 549 3102 Platonem
572 3036 666 3120 plane
689 3058 709 3102 a
731 3035 863 3102 Socrate
886 3037 1036 3101 refutata.
1069 3034 1142 3099 Non
1167 3053 1240 3116 pro-

130 3154 284 3222 babantur
306 3157 461 3238 (lioeroni,
486 3166 522 3226 ut
549 3162 694 3241 vidimus,
715 3185 752 3226 ea
770 3160 993 3246 philosophiae
1014 3158 1132 3236 studia,
1157 3178 1239 3239 quae

130 3281 208 3346 totos
218 3280 522 3368 implerentanimos
531 3287 706 3370 virosquea
714 3285 783 3352 loro
797 3286 927 3371 vitaque
938 3285 1067 3370 publiea
1078 3285 1234 3357 arcerent,

129 3424 225 3490 neque
247 3405 322 3472 illae
345 3407 609 3493 philosophorum
632 3410 832 3488 sententiae,
857 3433 939 3494 quae
962 3432 981 3473 a
1003 3407 1165 3474 eommuni
1180 3404 1240 3470 ho·

130 3529 246 3595 minum
269 3531 420 3615 opinione
443 3532 663 3599 abhorrerent.
692 3535 898 3619 Propositum
922 3557 983 3598 uon
1009 3539 1077 3598 erat
1096 3531 1238 3614 philoso-

128 3651 258 3736 phorum
283 3656 383 3721 vitam
406 3659 636 3737 commendare,
659 3659 713 3724 red
732 3659 908 3743 sapientiae
928 3658 1069 3723 studium
1082 3655 1238 3737 subjicere
1286 3684 1290 3691 ¹

128 3775 331 3863 eloquentiae.

169 3901 323 3978 Quorsum
345 3904 446 3992 igitur
465 3910 533 3971 tam
556 3905 658 3972 multa
681 3929 721 3972 ex
744 3906 890 3995 Gorgia?
920 3905 1033 3970 Dicam
1056 3905 1141 3989 quod
1165 3928 1237 3970 sen·

128 4024 179 4094 tio.
208 4026 289 4093 Cum
312 4034 455 4094 cerneret
489 4028 601 4095 Cicero
624 4031 709 4114 apud
732 4031 899 4097 Platonem
929 4030 1072 4117 »Gorgia
1100 4036 1236 4114 patrono

128 4153 280 4218 oratorem
305 4152 508 4220 ruooubuisse
531 4154 758 4240 philosopho'’,
780 4156 806 4243 ¹)
840 4157 886 4222 sie
907 4156 982 4221 illos
1004 4176 1165 4220 sermones
1187 4177 1236 4220 re-

161 4416 185 4485 1)
202 4417 241 4475 Da
258 4419 303 4475 Or.
321 4419 366 4478 Ill.
385 4423 446 4475 129.
