3366 5206
954 569 996 639 88

416 780 505 848 vobit
538 805 610 850 cam
640 783 706 851 illis
733 783 912 851 rationibus
927 809 949 866 ,⁸
970 809 1049 873 quaa
1082 788 1145 857 eibi
1174 789 1343 860 videbatur
1372 791 1533 864 Antonius

416 911 512 974 »cola
535 909 749 993 exposuisse.'’

420 1071 422 1076 ·
459 1032 541 1110 Quid
563 1034 663 1120 igitar
686 1034 854 1102 Callicles?
877 1035 1001 1121 Nempe
1023 1039 1212 1107 reformidat
1235 1063 1305 1107 eam
1324 1065 1407 1128 quae
1427 1066 1466 1109 ex
1485 1046 1535 1110 ni-

415 1155 479 1222 mio
501 1156 723 1242 philosophiae
745 1160 851 1227 eladio
873 1159 967 1226 facile
985 1162 1109 1228 oriatur
1127 1165 1249 1231 civibus
1264 1167 1452 1251 perniciem:
1478 1192 1535 1234 ne·

416 1303 501 1348 cesse
523 1283 608 1349 enim
630 1306 698 1350 esse
721 1307 805 1364 eum,
828 1286 884 1368 qui
908 1285 1028 1352 diuliue
1050 1288 1084 1353 in
1108 1296 1311 1371 cavereclur,
1331 1291 1429 1356 eliam
1448 1293 1475 1357 ei
1493 1293 1536 1358 eil
1670 1299 1671 1346 l

415 1405 538 1488 optimo
567 1407 698 1493 ingenio
720 1408 900 1493 praeditum
924 1411 1080 1480 »πιίνιιον
1107 1414 1248 1502 ἄπειρον
1275 1423 1457 1498 γεγονέναι,
1492 1402 1535 1482 ὧν
1670 1415 1671 1428 ’

415 1524 477 1618 χρὴ
491 1529 652 1621 ἔμπειρον
663 1528 750 1601 εἶναι
763 1528 821 1601 τὸν
839 1536 1000 1618 μέλλοντα
1015 1532 1117 1606 καλὸν
1133 1533 1346 1623 κᾶγαδόνιιαὶ
1362 1533 1536 1625 εὐδόκιμον

416 1657 552 1726 ἔσεσθαι
563 1659 674 1747 ἄνδρα.
695 1656 721 1746 ¹)
745 1658 934 1743 Imperilum
952 1659 1022 1726 ficri
1042 1661 1151 1748 legum
1170 1667 1204 1728 el
1222 1663 1397 1741 rationum,
1417 1663 1536 1749 quibus

416 1782 569 1849 utendum
592 1784 635 1849 aih
657 1785 690 1849 in
713 1783 857 1848 coelibus
879 1782 1017 1867 publicis
1040 1786 1248 1870 privatisque,
1271 1785 1452 1850 studiorum
1476 1787 1536 1852 ho-

415 1907 539 1972 minum
562 1930 750 1992 morumque
771 1929 901 1991 prorsus
925 1908 1085 1993 ignarum,
1108 1909 1221 1975 Talem
1243 1909 1346 1996 igilur
1371 1910 1486 1988 virum,
1509 1912 1535 1975 si

417 2032 501 2117 quod
532 2033 700 2119 negotium
730 2033 905 2121 gerendum
929 2035 1120 2119 susceperit,
1144 2056 1208 2100 non
1233 2033 1339 2098 minue
1362 2033 1535 2099 ridiculum

414 2158 494 2234 fore,
518 2179 613 2242 quam
638 2159 693 2243 qui
715 2159 799 2224 forte
823 2179 929 2222 rerum
952 2158 1095 2223 civilium
1118 2159 1240 2244 peritus
1263 2157 1534 2243 philosophorum

416 2280 817 2368 dispulalioneealligeril.
842 2273 956 2367 llaque
980 2286 1175 2370 φιλοσοφίας
1197 2282 1270 2368 μὲν,
1287 2279 1363 2348 ὅσον
1379 2286 1535 2358 παιδείας

416 2405 512 2492 χάριν
522 2402 622 2474 καλὸν
632 2415 793 2492 μετέχειν,
805 2411 859 2474 καὶ
872 2403 929 2474 οὐκ
938 2404 1073 2497 αἰσχρὸν
1079 2414 1236 2496 μειρακίῳ
1246 2405 1315 2474 ὄνοι
1327 2409 1533 2493 φιλοσοφεῖν.

417 2525 554 2597 ἐπειδᾶν
576 2527 608 2599 δ’
631 2532 690 2620 ἤδη
714 2533 932 2620 πρεσβύτερος
955 2530 1003 2598 ἔτι
1026 2535 1206 2623 φιλοσοφῇ,
1230 2534 1484 2615 καταγέλαστον.
1507 2534 1535 2620 ²)

417 2655 520 2720 Immo
542 2654 616 2720 talia
639 2654 690 2722 vel
713 2657 822 2742 flagris
845 2656 978 2741 dignam
1001 2656 1111 2736 videri,
1134 2657 1289 2743 ignavum
1312 2656 1397 2722 enim
1427 2660 1462 2722 el
1485 2657 1537 2722 in·
1569 2681 1572 2689 ·
1671 2679 1672 2692 ν

418 2783 518 2844 erlem
542 2784 574 2845 el
596 2779 691 2864 plane
715 2780 876 2868 ἄνανδρον
897 2781 1003 2846 forum
1024 2785 1057 2848 el
1077 2781 1187 2847 urbem
1204 2781 1359 2846 devitare:
1380 2779 1464 2845 nihil
1476 2802 1538 2845 un·
1671 2803 1672 2806 ¹

417 2925 515 2987 quam
526 2903 658 2970 liberale
671 2909 704 2970 et
716 2927 868 2992 magnam
877 2908 1033 2991 proferre.
1046 2906 1168 2972 Eodem
1180 2927 1258 2992 ergo
1270 2904 1363 2970 modo
1380 2904 1537 2970 adversus

418 3025 581 3094 Socratem
593 3029 733 3094 afficitur
745 3028 892 3096 Callicles
905 3025 1011 3119 »ὅπερ
1025 3023 1043 3096 ὅ
1055 3035 1166 3120 Ζῆθος
1178 3024 1261 3118 πρὸς
1271 3023 1329 3096 τὸν
1339 3023 1507 3115 ’Δμφίονα
1520 3023 1539 3095 ὅ
1625 3123 1628 3130 Ι

419 3144 600 3238 Εὐριπίδου
614 3149 641 3240 ³)
665 3152 777 3240 (videa,
789 3155 845 3238 qui
856 3156 978 3221 facium
991 3155 1043 3234 eil,
1062 3159 1099 3220 ul
1110 3155 1220 3222 Cicero
1232 3177 1360 3239 quoque
1371 3154 1411 3218 de
1423 3153 1538 3232 Zetho,

417 3271 474 3340 illo
508 3276 636 3360 quidem
672 3278 894 3345 ›Pacuvian0''
929 3281 1113 3367 cogitaret).
1144 3318 1187 3329 —
1217 3277 1293 3344 Ideo
1328 3277 1538 3344 vehementer

417 3397 579 3465 Socratem
589 3401 714 3466 animio
727 3401 949 3489 philosophiae
961 3405 1066 3471 studio
1078 3405 1219 3480 revocat,
1231 3424 1271 3468 ne
1283 3401 1444 3486 vertigine
1457 3424 1537 3487 cap·

418 3527 481 3601 tus,
503 3525 626 3589 siforle
648 3531 822 3605 accusetur,
842 3529 910 3612 jam
933 3551 998 3595 non
1021 3529 1215 3614 habeatquo
1228 3517 1344 3611 capilie
1356 3525 1537 3610 periculum

313 3685 318 3694 ·
417 3672 437 3714 a
460 3671 493 3714 se
516 3653 631 3716 arceat.

461 3772 536 3838 Jam
559 3794 753 3859 consequens
777 3780 835 3852 cal,
864 3781 899 3841 al
922 3776 1110 3855 recolamus,
1133 3798 1216 3860 quae
1240 3774 1401 3840 Antonius
1425 3775 1538 3859 paullo

418 3902 493 3963 anie
535 3899 725 3981 exposuerit.
768 3875 877 3966 Primo
912 3899 1062 3986 quidem,
1096 3906 1169 3986 poel
1210 3898 1369 3964 infinitam
1415 3899 1539 3965 doclri·

454 4203 678 4300 onmc'

454 4324 655 4390 mama

453 4413 1165 4485 ammam-mmmmmm
