3366 5206
691 575 732 647 91

156 799 291 884 quadam
325 798 460 883 Lysiaca
483 794 618 881 ignobili
642 817 718 860 sane
741 800 774 860 et
795 793 932 881 frigida,
957 815 1039 877 quae
1062 796 1169 858 tamen
1193 790 1271 876 quin

157 923 198 987 sit
206 923 383 1008 genuinum
396 921 510 1006 Lysiae
526 941 606 1003 opus
623 922 754 1002 propter
765 917 910 982 Plutonis
921 919 1118 1003 aequitatem
1130 916 1271 982 dubitari

156 1045 209 1111 vix
229 1051 345 1131 potest.
369 1045 474 1111 Causa
497 1049 546 1110 est
568 1043 665 1109 »Non
690 1041 821 1118 amanti,
845 1041 872 1106 si
896 1042 944 1106 ita
966 1041 1055 1126 loqui
1079 1042 1128 1106 las
1141 1045 1272 1124 estpo-

155 1170 220 1235 tius
237 1192 358 1236 morem
379 1169 554 1256 gerendum
568 1189 743 1252 essequam
767 1166 920 1233 amanti.’'
935 1166 999 1231 Res
1016 1170 1048 1230 et
1065 1166 1163 1232 verba
1175 1164 1272 1230 vehe·
1295 1133 1300 1142 ⁸

152 1298 274 1359 menter
309 1293 438 1379 placent
471 1292 637 1358 Phaedro:
679 1291 826 1356 Socrates
861 1312 936 1354 vero
974 1291 1023 1354 ita
1057 1289 1271 1356 elocutionem

150 1417 279 1501 planam
304 1420 337 1482 et
361 1417 530 1482 rotundam
560 1416 743 1500 praedicat,
777 1419 815 1479 ut
849 1413 945 1480 simul
980 1415 1139 1500 significet
1169 1436 1272 1498 neque

152 1543 329 1608 sententias
362 1564 465 1627 neque
500 1542 658 1607 dictorum
691 1541 834 1606 ordinem
865 1543 898 1604 et
931 1539 1174 1604 collocationem
1208 1537 1269 1604 sibi
1327 1625 1330 1632 Δ

151 1666 228 1730 satis
253 1666 393 1750 probari.
429 1665 506 1730 Mox
528 1665 667 1731 Phaedri
692 1666 840 1750 precibus
864 1663 956 1749 qnasi
980 1686 1074 1751 aegre
1097 1663 1210 1728 adduci
1237 1685 1271 1728 se

150 1790 242 1868 sinit,
266 1794 304 1854 ut
333 1789 403 1874 ipse
426 1792 464 1856 de
497 1791 607 1855 eodem
630 1795 821 1876 argumento
845 1788 1082 1853 oratiunculam
1101 1789 1269 1870 proponat.

148 1910 332 1978 Sermonem
352 1914 451 1979 habet
470 1936 533 1978 non
557 1936 634 1981 saue
654 1916 808 2002 grandem
825 1920 857 1980 et
874 1915 1054 2002 egregium,
1077 1951 1112 1962 —
1136 1912 1267 1977 eundem

148 2037 232 2101 enim
245 2039 437 2104 senteutiam
450 2038 592 2104 defendit
606 2080 639 2089 -
651 2041 707 2106 sed
718 2045 933 2124 praestantem
945 2064 982 2105 ea
990 2040 1122 2114 virtute,
1134 2057 1215 2120 quae
1227 2034 1268 2120 (si

147 2160 283 2226 formam
306 2162 501 2248 spectamus)
525 2164 662 2228 maxime
684 2164 718 2228 in
737 2165 872 2249 Lysiaca
888 2164 1033 2229 oratione
1050 2161 1267 2228 desideratur:

148 2289 254 2367 partes
266 2307 377 2350 omnes
389 2287 530 2370 perfecto
543 2286 653 2352 ordine
665 2291 740 2352 sunt
751 2288 935 2372 dispositae.
949 2286 1048 2352 luitio
1060 2286 1162 2371 igitur
1174 2283 1272 2372 quasi·

149 2428 204 2489 per
219 2407 388 2487 σύνθεσιν,
405 2413 442 2473 ut
457 2411 550 2493 ajunt
561 2411 757 2496 philosophi,
770 2413 791 2477 i.
805 2435 832 2478 e.
850 2410 1067 2477 descendendo
1079 2434 1099 2473 a
1110 2411 1265 2491 conceptu
1362 2489 1367 2496 υ

148 2531 389 2610 universaliora,
412 2533 629 2601 definitionem
653 2535 772 2600 amoris
791 2536 882 2621 pravi
900 2539 932 2600 et
952 2531 1112 2599 sensibilis
1123 2529 1266 2615 quaerit;

148 2653 219 2719 dein
242 2655 355 2721 ordine
378 2662 555 2735 enumeret,
579 2658 696 2743 quibus
716 2660 810 2725 malis
833 2683 923 2725 amor
941 2657 1126 2743 hujusmodi
1149 2661 1182 2720 et
1196 2655 1268 2722 aui-

149 2800 232 2844 mam
257 2783 291 2844 et
313 2802 430 2865 eorpus
453 2786 486 2847 et
509 2783 594 2848 bona
616 2784 696 2868 ejus,
721 2783 775 2867 qui
799 2789 935 2861 ametur,
955 2782 1085 2848 alliciat.

191 2903 269 2968 Post
285 2904 374 2981 haec,
393 2906 520 2988 quaein
533 2906 802 2990 vituperationem
814 2906 933 2971 amoris
949 2908 1101 2991 vergunt,
1120 2901 1266 2986 sequitur

144 3025 209 3109 jam
223 3027 369 3093 Platonis
382 3031 564 3118 παλινῳδία
578 3069 622 3077 -
634 3031 738 3095 oratio
750 3030 807 3095 illa
820 3030 990 3116 magnifica
1004 3033 1037 3093 et
1048 3027 1188 3114 grandis,
1201 3046 1266 3109 qua

147 3151 299 3233 sapientis
321 3173 409 3218 amor
432 3153 625 3232 celebratur,
648 3155 780 3239 ejusque
797 3156 930 3242 egregia
949 3154 1115 3220 commoda
1134 3150 1265 3216 mirifice

146 3276 417 3341 commendantur.
457 3277 536 3342 Esse
559 3278 643 3343 enim
666 3283 794 3362 praeter
825 3301 983 3356 amorem,
1006 3279 1045 3343 de
1068 3298 1131 3360 qno
1156 3271 1265 3357 paullo

147 3402 232 3476 ante,
257 3399 356 3466 aliurn
381 3403 549 3485 quemdam
573 3423 725 3480 amorem,
748 3403 842 3468 illum
865 3404 990 3488 quidem
1003 3423 1067 3466 non
1088 3396 1264 3463 morbidam

146 3521 344 3588 affectionem
371 3529 428 3589 aut
458 3548 590 3609 pravam
617 3527 848 3610 cupiditatem,
877 3527 932 3592 sed
961 3526 1036 3592 boni
1063 3525 1206 3589 studium
1229 3538 1266 3583 ac

146 3640 288 3712 furorem
319 3649 471 3715 divinitus
505 3651 692 3716 immissum.
731 3651 885 3716 Animum
918 3656 1025 3717 autem
1052 3653 1265 3717 immortalem

148 3771 273 3854 utrique
308 3774 475 3856 cupiditati
510 3798 673 3860 praeesse,
701 3775 791 3841 velut
813 3777 979 3862 aurigam,
1017 3778 1073 3861 qui
1104 3777 1182 3841 dnos
1216 3799 1266 3841 re·
1346 3841 1351 3850 ,

146 3898 202 3979 gat
245 3917 365 3979 equos,
407 3921 545 3982 quorum
581 3899 663 3964 alter
696 3900 740 3964 sit
778 3921 951 3986 generosus
986 3907 1019 3966 et
1059 3905 1264 3976 mansuetus,

146 4017 228 4084 alter
260 4020 443 4118 indomitus
463 4028 495 4088 et
520 4046 667 4107 nequam.
703 4025 881 4090 Exitiosam
916 4027 1017 4112 igitur
1045 4027 1114 4090 fore
1143 4025 1265 4089 amanti

145 4145 405 4210 consuetudinem
428 4146 524 4225 illins,
550 4149 641 4232 cujus
664 4172 763 4234 prava
787 4150 913 4233 cupido,
939 4150 1025 4214 velut
1048 4172 1149 4233 equus
1173 4150 1264 4214 indo-

144 4267 253 4344 mitus,
265 4268 401 4334 alterum
414 4292 531 4354 equum
543 4275 576 4336 et
585 4273 732 4358 aurigam
744 4314 779 4321 -
796 4277 934 4337 mentem
946 4277 978 4337 et
991 4274 1064 4338 boni
1075 4273 1264 4359 honestique

141 4391 352 4477 cupiditatem
378 4433 417 4443 -
442 4395 589 4460 deorsum
624 4417 732 4462 secum
768 4395 886 4461 trahat.
923 4395 1086 4480 Optimam
1122 4420 1218 4488 vero*
1232 4404 1265 4464 et
