3404 5198
987 563 1029 627 50

448 776 648 861 sapientiam.
676 776 710 840 Si
741 777 812 861 quis
835 776 936 862 igitur
966 773 1120 840 Periclem
1148 776 1205 838 aut
1236 770 1484 839 Demosthenem
1516 791 1565 836 se·

448 900 503 983 qui
551 900 669 983 cupiat,
705 905 738 965 et
776 900 992 985 »praeclaram
1026 898 1116 963 illam
1158 901 1191 962 et
1233 897 1381 962 eximiam
1427 894 1564 980 speciem

448 1023 584 1088 oratoris
610 1024 742 1107 perfecti
766 1028 799 1088 et
826 1023 1119 1108 pulchritudinem'’
1144 1021 1312 1100 adamarit,
1332 1017 1564 1105 aphilosophis

447 1147 637 1231 sapientiam
654 1147 797 1231 accipiat.
823 1148 903 1212 Cum
916 1151 1024 1212 tamen
1040 1167 1104 1209 non
1121 1144 1263 1210 omnium
1282 1144 1474 1229 sapientium
1490 1143 1564 1207 doc·

446 1271 532 1335 trina
548 1271 810 1355 videatur'ncque
825 1271 1004 1336 dicentibus
1016 1269 1265 1346 accommodata,
1282 1266 1491 1333 Carneadiam
1507 1269 1564 1330 aut

447 1394 684 1459 aristotelicam
698 1395 761 1458 vim
775 1391 1102 1478 comprehendendam
1124 1413 1192 1456 esse
1208 1429 1244 1440 —
1259 1395 1295 1455 ut
1307 1390 1469 1475 perfectus
1490 1387 1562 1473 quis

446 1519 503 1582 liat
527 1522 645 1585 orator.

490 1640 668 1730 Nequam
702 1644 812 1730 tamen
852 1641 997 1706 infinitus
1031 1641 1086 1705 ille
1118 1641 1209 1706 labor
1244 1640 1420 1715 deterreat,
1455 1640 1489 1701 et
1524 1657 1562 1700 ax

444 1786 502 1829 sua
539 1765 765 1842 institutione,
807 1767 840 1828 et
880 1787 918 1827 ex
961 1764 1096 1829 aliarum
1132 1765 1251 1829 artium
1292 1761 1442 1848 analogia
1482 1760 1561 1824 satis

445 1910 620 1974 apparere:
658 1892 693 1952 ut
723 1888 801 1953 satis
833 1889 934 1952 bonus
958 1890 1015 1953 fias
1039 1893 1168 1968 orator,
1204 1910 1269 1953 non
1293 1908 1361 1951 esse
1384 1907 1452 1950 rem
1476 1885 1561 1951 tanti

445 2014 599 2096 temporis
625 2022 682 2076 aut
710 2012 794 2078 tanti
818 2012 947 2077 laboris.
985 2013 1094 2098 Atque
1129 2016 1374 2090 commemorat,
1409 2033 1465 2076 cnr
1488 2008 1561 2075 rhe-

445 2142 531 2201 tores
554 2136 687 2200 Latinos
711 2136 841 2202 Graecis
864 2138 961 2202 etiam
984 2138 1108 2221 pejores
1131 2159 1189 2202 suo
1205 2137 1309 2202 edicto
1331 2135 1482 2219 ejeceritr
1506 2155 1563 2198 eos

445 2259 693 2324 adolescentium
717 2260 846 2345 ingenia
870 2261 1060 2339 obtundere,
1083 2259 1316 2344 impudentiam
1338 2258 1560 2332 corroborare3

446 2404 524 2447 cum·
540 2387 668 2466 praeter
689 2382 948 2466 exercitationem
966 2383 1097 2470 linguae
1111 2384 1290 2449 doctrinam
1310 2387 1344 2448 et
1358 2381 1560 2449 humanitate

446 2505 575 2590 dignam
600 2507 764 2572 scientiam
788 2506 944 2572 haberent
959 2506 1092 2573 nullam.
1113 2508 1254 2573 Tandem
1267 2509 1308 2573 ad
1323 2512 1455 2573 ornatus
1467 2529 1560 2593 prae·

446 2633 538 2713 cepta
550 2628 719 2715 paullatim
732 2631 871 2695 rediens:
885 2653 923 2694 ea
934 2631 1121 2714 praesertim
1131 2631 1280 2716 explicat,
1292 2653 1375 2718 quaa
1383 2631 1424 2696 ad
1432 2631 1561 2696 univer·
1676 2633 1677 2650 ¹

442 2775 513 2818 sam
526 2754 704 2819 orationem
716 2755 888 2839 pertinent.
907 2755 979 2819 Non
999 2755 1104 2820 minus
1115 2777 1212 2839 quam
1224 2754 1386 2820 Antonius
1397 2755 1560 2839 superiore

446 2877 497 2942 die
533 2878 755 2944 tractationem
787 2879 1011 2963 quaestionum
1035 2878 1233 2944 infinitarum
1256 2877 1475 2953 commendat3
1511 2877 1560 2942 di-

444 3002 691 3081 stributionem,
722 3024 819 3086 quam
854 3003 1023 3088 negligant
1052 3003 1133 3067 artis
1160 3003 1355 3087 scriptores,
1386 3024 1560 3086 earumque

444 3127 672 3210 praestantiam
697 3127 825 3213 egregie
847 3125 1012 3211 explanat:
1044 3125 1307 3206 »Ornatissimae
1331 3127 1460 3212 inquit,
1484 3130 1560 3192 sunt

444 3249 603 3314 orationes
626 3271 697 3327 eae,
720 3273 802 3334 quae
826 3250 981 3314 latissime
1004 3264 1175 3336 vagantur,
1198 3255 1230 3315 et
1252 3272 1271 3314 a
1293 3251 1420 3336 privata
1443 3250 1559 3315 aesin-

444 3372 549 3459 gulari
573 3373 790 3439 controversia
814 3395 847 3438 se
870 3374 910 3438 ad
933 3374 1073 3438 universi
1102 3375 1228 3461 generis
1251 3375 1315 3438 vim
1340 3372 1560 3458 explicandam

443 3496 613 3561 conferunt
636 3501 669 3562 et
691 3500 893 3574 convertunt,
918 3501 953 3561 ut
976 3498 1010 3575 ii,
1029 3498 1084 3583 qui
1105 3498 1250 3577 audiunt,
1268 3502 1431 3564 naturaei
1443 3519 1560 3584 genere

444 3624 478 3685 ct
500 3620 648 3684 universa
672 3642 705 3684 re
729 3620 868 3705 cognita,
893 3621 931 3685 de
954 3620 1089 3706 singulis
1112 3622 1174 3686 reis
1188 3626 1220 3687 et
1239 3621 1428 3688 criminibus
1443 3626 1477 3687 ct
1495 3621 1560 3686 liti—

444 3742 503 3806 bus
526 3746 669 3806 statuere
692 3743 847 3827 possint.”
874 3742 988 3829 Itaque
1008 3765 1134 3809 omnem
1157 3743 1251 3809 istam
1275 3745 1464 3829 prudentiae
1487 3768 1561 3831 pos·

443 3868 1560 3955 sessionem,inquam,nteit,lronrinasquasicaducamatquevacuam

444 3992 644 4056 abundantes
661 3991 727 4056 otio
739 3991 971 4070 insoleverint,
991 3993 1128 4058 oratoris
1144 4016 1212 4059 esse
1224 3993 1317 4078 eique
1329 3992 1560 4058 vindicandam,

489 4115 572 4180 Dein
591 4117 710 4181 artium
733 4116 921 4182 divisionem
950 4123 1153 4202 conquestus:
1181 4118 1277 4184 »Non
1296 4117 1331 4182 in
1351 4116 1422 4196 hac,
1445 4117 1561 4202 inquit,

444 4237 570 4317 Catule,
592 4261 628 4304 ra
651 4241 705 4305 sed
734 4239 767 4303 in
790 4240 861 4305 aliis
877 4241 973 4306 etiam
998 4241 1214 4326 compluribus
1237 4243 1463 4311 distributione
1486 4269 1561 4332 par-

439 4364 522 4442 tium
545 4385 582 4430 ao
607 4364 808 4451 separatione
831 4365 1071 4452 magnitudines
1095 4370 1171 4432 sunt
1193 4369 1315 4438 artium
1341 4371 1556 4440 deminutae.”
