3366 5206
976 585 1017 667 ⁵20

435 824 580 886 essentne
602 821 710 904 partes
733 816 880 904 singulae
901 818 941 883 ab
961 818 1031 904 ipso
1043 817 1165 884 artifice
1184 818 1394 908 excogitatae,
1411 819 1553 898 effectae,

433 947 618 1034 productae.
642 944 757 1009 Libere
780 943 982 1031 gloriabatur
999 942 1180 1028 Aeschylus
1197 967 1270 1010 suas
1287 943 1471 1030 tragoedias
1487 964 1554 1008 esse

433 1072 560 1160 τεμάχη
571 1076 636 1137 τῶν
647 1068 797 1156 μεγάλων
815 1062 1003 1157 Ὁμηρικῶν
1020 1072 1171 1147 δείπνων,
1191 1068 1328 1154 ingenue
1340 1067 1554 1153 profitebatur

435 1197 604 1265 Terentius
635 1219 668 1262 se
704 1199 808 1262 totum
839 1196 975 1281 pendere
999 1216 1038 1260 ex
1061 1194 1238 1260 Menandro
1272 1196 1305 1258 et
1338 1191 1554 1277 Apollodoro;

434 1346 538 1410 neque
562 1326 620 1388 aut
642 1320 788 1388 Catullus
812 1325 869 1386 ant
892 1319 1047 1385 Horatius
1069 1319 1138 1385 ullo
1161 1321 1256 1404 pacto
1279 1316 1478 1382 dissimulare·
1500 1338 1553 1382 co·

434 1449 611 1526 nubantur,
627 1449 824 1532 quantopere
835 1444 1039 1530 Sapphonem
1052 1443 1207 1508 Alcaeum
1219 1441 1376 1507 Alcmana
1387 1441 1554 1507 imitaren-

435 1578 499 1640 tur.
523 1573 597 1639 Non
621 1570 830 1657 poenitebat,
853 1570 937 1654 quod
960 1568 1055 1652 plens
1078 1589 1175 1632 manu
1198 1567 1343 1633 hausisse
1368 1566 1554 1631 viderentur

435 1721 474 1764 ex
495 1695 667 1783 praeclaris
687 1693 854 1779 operibus,
876 1714 960 1777 quae
983 1691 1084 1758 veluti
1107 1692 1212 1757 tontes
1235 1691 1413 1757 uberrimos
1436 1692 1554 1757 summi

435 1829 511 1889 ante
545 1843 577 1886 se
600 1819 746 1885 homines
774 1816 1002 1902 reliquissent,
1034 1817 1119 1900 quod
1149 1816 1375 1882 venustissima
1406 1838 1553 1902 quaeque

436 1948 545 2032 apium
577 1965 664 2010 more
693 1942 851 2026 modoque
880 1941 1021 2024 undique
1044 1941 1209 2027 collegisse
1231 1941 1437 2018 dicerentur,
1462 1940 1555 2005 dum-

437 2071 530 2137 modo
554 2090 679 2134 summa
701 2066 805 2151 operis
828 2065 1039 2131 conformatio
1060 2068 1097 2128 nt
1120 2065 1263 2150 ipsorum
1281 2065 1412 2150 propria
1428 2064 1470 2130 ab
1485 2087 1554 2130 om-

436 2195 531 2260 nibus
555 2194 792 2278 agnosceretur.
816 2189 859 2254 Et
882 2188 930 2252 illi
960 2189 1100 2273 quidem,
1130 2188 1254 2273 opinor,
1277 2193 1373 2254 recte.
1408 2188 1493 2255 Nam
1519 2190 1553 2253 in

436 2317 571 2406 singulis
594 2316 739 2401 partibus
765 2314 833 2379 sine
856 2312 1102 2397 reprehensione
1125 2312 1290 2379 elaborare
1313 2315 1364 2380 vel
1386 2313 1553 2380 mediocris

429 2446 484 2509 ‘est
506 2439 645 2528 ingenii;
664 2438 719 2504 sed
740 2440 844 2502 totum
869 2457 988 2521 ponere
1015 2458 1124 2520 posse,
1155 2436 1216 2502 hoe
1238 2437 1366 2503 domum
1394 2437 1551 2503 artificem

434 2568 475 2634 ah
499 2565 644 2651 operario
667 2563 814 2629 secernit.

478 2691 584 2769 Quid?
618 2688 719 2754 Estne
743 2688 845 2772 major
868 2687 939 2752 laus
962 2685 1150 2765 architecti,
1178 2687 1290 2771 quiin
1324 2686 1456 2751 aedibus
1496 2708 1551 2750 ex-

435 2815 596 2882 struendis
628 2812 772 2899 singnlos
805 2811 944 2896 lapides,
978 2811 1107 2898 singula
1130 2813 1318 2877 ornamenta
1341 2810 1409 2894 ipse
1432 2809 1553 2876 deline-

435 2941 547 3018 averit,
571 2940 639 3024 ipse
662 2936 841 3022 sculpserit,
865 2958 962 3021 qnam
986 2936 1055 3020 ejus
1079 2936 1135 3021 qui
1153 2935 1275 3019 lapides
1298 2935 1475 3012 reditium,
1498 2934 1553 3020 qui

435 3062 633 3148 praestantia
656 3061 794 3126 eliorum
818 3060 993 3125 caelamina
1014 3059 1145 3147 egregia
1168 3063 1237 3125 arte
1255 3058 1288 3123 in
1308 3059 1486 3143 perfectum
1498 3059 1554 3124 ab·

436 3185 643 3269 solutumque
667 3183 825 3269 quoddam
849 3206 929 3267 opus
952 3182 1179 3268 conjunxerit?
1204 3182 1369 3247 Dementis
1400 3187 1449 3248 est
1471 3184 1555 3248 anti·

436 3331 515 3394 quas
549 3309 642 3374 aedes
665 3307 865 3385 disturbare,
889 3310 932 3393 ut
956 3311 1104 3371 accurate
1127 3307 1251 3385 ducas,
1283 3309 1373 3392 cnjus
1407 3308 1557 3393 lapidarii

437 3434 530 3518 signo
554 3433 620 3497 sint
642 3430 764 3518 singuli
786 3430 909 3515 lapides
928 3431 1042 3496 notati.
1066 3430 1121 3510 At,
1146 3453 1219 3496 cum
1235 3431 1268 3495 in
1281 3433 1467 3498 marmoreis
1482 3455 1556 3517 por-

438 3555 556 3621 ticibus
579 3555 747 3621 ambulans
771 3556 908 3640 superba
937 3554 1102 3640 laquearia
1123 3559 1155 3620 et
1183 3553 1402 3621 columnarum
1427 3556 1556 3642 elegan-

438 3679 518 3744 tiam
549 3678 733 3758 admirariS,
767 3682 801 3743 et
839 3679 911 3744 dein
942 3678 1021 3744 alias
1057 3678 1288 3744 exstructiones
1317 3680 1378 3744 tibi
1400 3680 1435 3744 in
1468 3702 1555 3745 men·

439 3812 505 3872 tem
521 3828 683 3883 revocans,
703 3811 809 3871 tecum
825 3811 965 3890 reputas
989 3829 1084 3892 quarn
1110 3806 1292 3891 prudenter,
1317 3826 1478 3892 quamque
1502 3827 1555 3870 ve-

439 3936 534 3997 nuste
557 3953 666 3996 eorum
690 3930 885 3996 lineamenta
909 3937 941 3997 et
971 3936 1103 3997 ornatus
1131 3931 1236 3996 varios
1265 3930 1441 3997 architecta
1464 3952 1556 3996 usur-

439 4055 565 4140 paverit
595 4059 627 4120 et
650 4057 852 4140 conjunxerit
874 4060 931 4120 aut
957 4056 1055 4121 etiarn
1079 4055 1294 4121 emendaverit
1316 4056 1357 4120 ad
1380 4055 1441 4132 hoc
1463 4077 1555 4122 suum

440 4200 520 4263 opus
544 4179 810 4256 concinnandum,
833 4181 865 4246 id
885 4182 1012 4246 demum
1036 4201 1228 4266 magnopere
1251 4179 1351 4244 animi
1367 4179 1555 4246 oblectatio·

440 4325 513 4367 nem
543 4273 650 4390 auget.
679 4301 731 4370 sic
762 4305 860 4368 etiarn
883 4327 955 4370 cum
978 4303 1011 4369 in
1039 4304 1156 4370 litteris
1182 4302 1334 4369 humenis
1356 4304 1555 4389 praeclarum

441 4425 600 4512 quoddam
623 4428 796 4494 artificium
819 4427 1081 4513 contemplamur,
1104 4433 1141 4495 ut
1157 4449 1284 4495 omnem
1301 4429 1370 4514 eJ'us
1389 4434 1554 4515 praestan·
