3366 5206
643 1667 711 1740 ΙΙΙ.

162 1935 221 2006 Dll
248 1933 492 2008 FONTIBUS
519 1933 580 2006 ΕΤ
606 1934 992 2009 EXEMPLARIBUS
1020 1934 1197 2008 HORUM

206 2076 490 2150 'LIBRORUM
517 2077 741 2162 QUAEDAM
768 2076 1125 2150 ANNOTAN'PUR.

170 2547 345 2634 Inquirenti
367 2550 405 2614 de
428 2549 623 2628 auctoribus,
647 2571 728 2634 quos
751 2550 812 2614 sibi
836 2550 975 2635 scriptor
993 2507 1113 2633 aliquis·
1127 2550 1161 2615 in
1173 2545 1239 2616 suis

26 2683 27 2720 Ὗ
130 2671 212 2739 libris
233 2674 459 2758 componendis
482 2673 572 2738 velut
595 2672 742 2757 exempla
758 2673 798 2738 ad
814 2673 1004 2739 imitandum
1025 2675 1239 2759 proposuerit,

26 2863 27 2866 ,
130 2795 206 2862 nihil
226 2803 294 2863 tam
316 2796 411 2862 facile
434 2800 494 2876 est,
516 2818 613 2881 quam
636 2797 771 2884 longum
783 2796 927 2864 locorum
942 2799 1239 2886 sententiarumque

26 2971 27 3000 3
130 2919 257 2986 indicem
279 2925 458 3000 contexere,
482 2941 564 3005 quae
586 2920 653 2985 sint
667 2921 815 3005 pluribus
825 2921 1036 3006 scriptoribus
1048 2923 1238 2989 communia.
1335 2979 1339 2986 .

26 3013 27 3044 ¹
131 3041 226 3110 Nemo
249 3045 334 3110 enim
357 3045 451 3129 plura
476 3043 637 3110 ¹variorum
660 3044 851 3129 scriptorum
867 3069 975 3131 opera,
991 3048 1118 3133 quaein
1131 3048 1240 3114 eadem

131 3171 259 3236 similive
282 3170 418 3235 materia
440 3172 618 3247 versantur,
642 3169 783 3235 studiose
805 3171 891 3235 inter
912 3193 946 3236 se
965 3171 1149 3252 contulerit,
1162 3173 1240 3256 quin

132 3295 302 3360 mirabilem
325 3294 501 3379 quandam,
526 3293 592 3358 sive
615 3292 649 3356 in
673 3296 862 3374 sententiis,
886 3296 952 3362 sive
975 3297 1009 3361 in
1043 3297 1136 3362 factis
1159 3319 1241 3382 quae

132 3423 319 3496 narrantur,
344 3417 411 3482 sive
436 3417 470 3481 in
493 3415 663 3501 eloquendi
687 3418 781 3483 modo
805 3420 1045 3485 consensionem
1070 3425 1102 3486 et
1125 3441 1242 3485 conve·

132 3543 278 3608 nientiam
302 3541 450 3625 reperiat.
474 3539 883 3627 Atmajorisprudentiae
906 3549 1015 3610 estex
1046 3544 1125 3609 locis
1153 3545 1242 3610 simi-

131 3665 207 3732 libus
230 3689 311 3753 quos
329 3666 511 3744 notaveris,
532 3669 652 3731 certam
676 3667 835 3751 quandam
858 3668 1050 3753 scriptorum
1075 3670 1242 3756 cognatio-

132 3812 197 3857 nem
221 3792 387 3870 exhibere
411 3789 504 3857 facile
526 3790 612 3854 enim
627 3790 797 3876 contingit,
809 3795 847 3855 ut
863 3791 965 3857 multa
981 3814 1021 3857 ex
1032 3793 1142 3880 aliquo
1154 3794 1243 3858 fonte

133 3915 268 3984 derivata
290 3921 348 3982 aut
370 3920 483 3982 mutuo
504 3915 590 3980 inter
612 3937 647 3979 se
669 3919 800 4000 accepta
821 3938 888 3980 esse
901 3918 1243 4002 statuas,quaescrip-

132 4041 212 4106 tores
234 4041 342 4125 plures
364 4043 421 4104 aut
443 4061 501 4125 per
523 4039 636 4123 seipsi
660 4040 924 4126 excogitaverint,
948 4045 1006 4106 aut
1029 4063 1067 4105 ex
1083 4042 1243 4106 communi

26 4207 27 4212 η
133 4164 276 4248 opinione
298 4164 502 4250 sumpserint.
525 4161 611 4238 Quae
623 4185 674 4228 res
686 4185 783 4248 quam
801 4165 844 4229 sit
868 4186 993 4250 anceps,
1018 4165 1128 4230 statim
1144 4188 1244 4250 appa-

133 4291 188 4369 ret,
210 4290 237 4354 si
258 4271 383 4356 omissis
406 4288 471 4355 illis
492 4287 715 4373 scriptoribus,
738 4289 795 4372 qui
818 4288 968 4374 aequales
993 4290 1141 4376 civesque
1175 4291 1245 4354 fue-

26 4475 27 4502 ,
133 4417 214 4498 rant,
235 4418 292 4482 aut
315 4437 396 4506 quos
418 4412 623 4506 aliquomodo
646 4411 816 4501 suspiceris
839 4411 939 4479 aliurn
962 4414 1077 4481 exalio
1095 4415 1245 4518 pendere¹
