3366 5206
195 787 282 866 Quae
305 813 377 859 cum
400 791 448 857 ita
470 790 558 869 siut,
581 793 608 857 si
628 792 694 876 jam
719 815 818 872 nunc,
847 791 940 878 quasi
963 793 1106 860 confecto
1129 793 1254 861 itinere.

9 929 10 940 ¹
141 914 226 980 viam
249 937 347 999 quam
370 915 489 980 emensi
519 937 629 980 sumus
652 915 814 1000 paulisper
834 916 1032 1000 respicimus,
1055 918 1166 1003 negari
1190 940 1254 983 non

9 1029 10 1088 l
140 1058 233 1118 posse
258 1039 385 1105 videtur
408 1038 592 1105 Ciceronem
621 1061 832 1124 magnacum
856 1040 1027 1124 prudentia
1055 1041 1121 1105 suis
1146 1045 1256 1106 aucto-

9 1167 10 1188 *
139 1158 227 1224 ribus
263 1183 330 1226 esse
371 1185 475 1227 usum.
521 1164 721 1247 Quamquam
760 1163 928 1228 Platonem
970 1165 1111 1229 omnium
1150 1165 1257 1250 philo·

141 1282 315 1366 sophorum
338 1285 515 1369 principem
540 1285 752 1362 existimabat,
772 1287 901 1350 minime
913 1291 1019 1351 tamen
1033 1288 1067 1351 in
1079 1289 1148 1372 ejus
1160 1289 1257 1353 verba

140 1406 290 1491 magistri
309 1407 434 1490 juravit
457 1411 514 1471 aut
536 1408 627 1492 quasi
649 1408 689 1471 ad
712 1407 865 1486 litteram,
887 1414 924 1474 ut
949 1409 1041 1474 multi
1059 1411 1257 1475 calumnian-

139 1533 203 1606 tur,
227 1529 296 1613 ejus
320 1531 405 1596 dicta
428 1531 642 1614 transcripsit.
667 1530 811 1596 Platonis
836 1536 869 1596 et
893 1531 1023 1595 monitis
1046 1532 1200 1597 adductus
1224 1536 1257 1597 et

9 1671 10 1678 ¹
139 1651 336 1716 auctoritate
360 1675 436 1718 usus
467 1653 631 1718 scientiam
658 1676 765 1718 rerum
796 1652 1045 1728 commendarim
1079 1654 1126 1717 ita
1149 1657 1256 1718 tamen

9 1753 10 1796 ⁷
139 1777 178 1837 ut
201 1775 363 1840 doctrinas
385 1775 458 1841 illas
491 1798 599 1841 omnes
621 1778 889 1860 amplecteretur,
912 1799 993 1860 quas
1018 1777 1053 1840 in
1076 1776 1185 1841 eodem
1207 1799 1257 1841 ar—

139 1902 294 1982 gumento
311 1899 556 1964 commendabat
576 1899 774 1964 Aristoteles.
795 1899 908 1983 Neque
934 1899 1125 1983 sapientiam
1155 1899 1257 1964 voluit

139 2043 242 2104 neque
270 2021 393 2088 dicendi
427 2028 530 2088 artem
560 2046 687 2088 omnem
720 2024 754 2088 in
788 2045 853 2087 una
883 2021 1038 2087 contineri
1070 2022 1265 2101 dialectita,

140 2143 195 2208 sed
225 2143 377 2212 isocratis
407 2147 551 2232 vestigiis
583 2146 735 2211 insistens
769 2146 1010 2211 collocationem
1045 2146 1257 2211 elocutionem

140 2268 299 2334 actionem
341 2275 374 2334 et
407 2270 556 2354 aequales
591 2275 623 2336 et
653 2274 798 2354 posteros
840 2269 985 2354 exemplo
1018 2269 1258 2354 praeceptisque

141 2393 261 2457 docuit.
286 2391 374 2476 Opus
398 2394 586 2478 conscripsit
608 2394 654 2458 ita
676 2397 908 2478 comparatum,
931 2396 967 2456 ut
988 2392 1131 2478 legentes
1148 2412 1258 2456 omnes

142 2515 183 2580 ad
202 2516 379 2580 multarum
402 2538 511 2582 rerum
535 2517 640 2582 studia
665 2516 870 2581 vehementer
902 2515 1103 2591 stimularet;
1137 2516 1258 2598 inquo
1345 2537 1349 2546 ·

142 2611 238 2704 simul
260 2642 369 2703 tamen
397 2639 500 2722 ipsam
531 2641 654 2711 dicendi
693 2643 796 2703 artem
826 2644 893 2703 tam
927 2639 1055 2724 egregie
1079 2636 1261 2721 explicavit,

143 2765 182 2825 ut
204 2766 364 2845 quotquot
387 2766 499 2846 postea
521 2762 560 2827 de
591 2762 775 2848 eloquentia
804 2763 990 2846 scripserint
1012 2762 1072 2826 viri
1094 2760 1258 2825 humanis·

144 2884 217 2949 simi
239 2886 302 2951 toti
325 2886 365 2950 ab
388 2884 475 2952 hisce
499 2887 537 2950 de
561 2885 697 2952 Oratore
719 2886 811 2951 libris
833 2885 1003 2970 pendeant.

199 3009 269 3074 Hoc
300 3032 400 3074 unum
431 3010 596 3088 dolemus,
620 3010 704 3094 quod
738 3010 843 3074 minus
873 3010 911 3073 de
942 3008 1078 3073 veritate
1098 3007 1258 3092 sollicitus

144 3155 215 3197 cum
247 3133 514 3217 philosophorum
541 3134 672 3198 inventa
701 3137 772 3197 tum
807 3137 928 3198 ceteras
958 3131 1137 3210 doctrinas,
1176 3154 1264 3228 quae

144 3256 270 3320 volebat
293 3256 492 3341 percognita,
518 3278 555 3320 eo
579 3258 686 3341 potius
709 3257 885 3342 dirigebat,
908 3260 945 3320 ut
968 3260 1075 3339 posset
1098 3256 1259 3338 disputare

146 3381 179 3443 in
201 3386 372 3463 utramque
396 3384 529 3464 partem,
553 3401 650 3463 quam
674 3383 720 3456 ut,
745 3380 821 3463 quid
845 3401 953 3444 verum
976 3381 1059 3442 esset
1083 3378 1116 3440 in
1132 3399 1260 3461 quaque

145 3526 178 3569 rc
209 3509 265 3568 aut
295 3504 367 3588 ipsc
397 3504 531 3568 disceret
565 3507 621 3566 aut
651 3502 732 3566 alios
763 3502 916 3566 edoceret.
953 3501 1043 3576 Quod
1069 3500 1097 3564 si
1119 3500 1260 3584 penitius

147 3629 335 3712 sapientiam
370 3625 555 3691 Aristotelis
596 3630 678 3690 esset
711 3630 929 3708 perscrutatus
963 3628 996 3688 et
1032 3645 1139 3689 veram
1170 3622 1260 3686 illam

146 3751 304 3835 judicandi
338 3754 440 3815 artem
474 3772 494 3814 a
521 3750 656 3814 Platone
679 3748 883 3826 inchoatam,
910 3747 951 3812 ab
979 3745 1153 3811 Aristotele
1188 3767 1261 3829 per·

147 3875 261 3941 tectam
285 3878 383 3958 atque
406 3873 606 3958 completam,
631 3878 663 3937 et
681 3873 772 3956 justo
790 3871 839 3936 sui
866 3871 970 3955 pretio
992 3869 1204 3946 aestimasset,
1228 3873 1262 3934 et

147 3999 342 4085 frequentius
366 4019 402 4062 ac
435 3997 622 4084 diligentius
645 4000 851 4081 usurpassct;
878 3999 958 4078 quot
992 3993 1166 4076 qualesque
1194 3991 1261 4056 evi·

148 4125 245 4188 lasset
269 4141 416 4195 errores;
441 4123 562 4204 quanto
586 4120 684 4184 etiam
712 4116 918 4182 excellentior
944 4121 1053 4182 orator
1075 4117 1259 4200 dicendique

146 4245 297 4332 magister
324 4242 510 4308 exstitisset.
533 4241 655 4307 Verum
677 4240 758 4305 illud
780 4241 894 4305 vitium
917 4263 981 4306 non
1001 4244 1066 4304 tam
1090 4239 1152 4323 ipsi
1170 4239 1260 4318 Cice·

147 4368 225 4450 roni,
238 4373 274 4433 ut
286 4366 379 4433 initio
390 4364 537 4444 diximus,
549 4387 646 4454 quam
657 4363 788 4430 illorum
801 4367 981 4452 temporum
994 4361 1199 4454 perversitati
1211 4366 1260 4434 est
