3404 5198
681 571 725 641 47

146 791 345 864 orationibus
358 791 441 860 risus
453 792 686 869 affectatorem
699 815 717 858 a
729 792 904 862 Plutarcho
911 814 1038 878 quoque
1048 789 1260 872 contenditur,

146 915 332 984 Ciceronem
344 917 468 984 ridendi
479 917 654 1002 cupiditate
669 917 822 1002 usquead
835 916 1063 984 scurrilitatem
1074 921 1261 1000 provectum

146 1062 214 1105 esse
235 1062 339 1124 neque
354 1041 387 1104 in
408 1040 511 1132 causis
526 1041 604 1105 satis
621 1041 727 1107 decori
743 1040 900 1106 rationem
913 1040 1074 1119 habuisse,
1085 1041 1261 1107 immorero

145 1165 242 1251 etiam
260 1165 316 1232 illa
334 1164 502 1230 dicacitate
517 1164 636 1231 multos
653 1163 781 1230 laesisse
793 1168 826 1228 et
840 1164 959 1232 famam
973 1163 1116 1228 malitiae
1135 1151 1263 1230 coutra-

145 1289 244 1354 xisse.
262 1288 334 1373 lpse
346 1293 454 1356 autem
471 1287 582 1354 Cicero
597 1287 660 1356 -illa
671 1287 826 1354 facultate
836 1287 884 1352 ita
895 1287 1119 1372 gloriatur,ut,
1130 1289 1157 1353 si
1169 1293 1262 1354 acute

148 1417 207 1478 aut
218 1413 321 1479 facete
337 1413 495 1482 dictorum
513 1413 631 1478 famam
643 1412 784 1497 effugere
801 1410 890 1488 velit,
909 1411 1028 1478 famam
1047 1412 1168 1499 ingenii
1180 1412 1263 1497 abji-

145 1536 290 1604 ciendam
319 1557 387 1602 csse
421 1537 517 1602 dicat.
539 1537 566 1623 1)
602 1535 681 1600 Post
705 1534 850 1600 Caesaris
877 1556 1076 1614 sermonem,
1100 1536 1263 1602 Antonius

145 1658 304 1744 quaedam
328 1658 500 1724 memoriae
523 1661 693 1742 praecepta
708 1655 804 1722 addit·
824 1656 961 1741 Reliqua
984 1657 1018 1722 in
1041 1660 1263 1743 postmeridia-

146 1805 224 1849 num
249 1787 375 1868 tempus
398 1783 597 1849 differuntur.

191 2031 267 2096 Jam
280 2031 411 2096 tertium
423 2030 540 2096 librum
562 2053 795 2116 percurramus,
809 2032 843 2096 in
866 2033 957 2117 cujus
971 2035 1132 2117 prooemio
1152 2035 1263 2102 Cicero

147 2156 259 2221 statim
282 2155 381 2224 altius
404 2156 555 2242 assurgit,
572 2160 605 2220 et
616 2156 778 2223 concitato
789 2156 896 2222 animo
912 2161 982 2222 tum
994 2162 1129 2224 mortem
1147 2160 1264 2239 Crassi,

147 2279 204 2364 qui
227 2279 282 2346 six
306 2279 413 2345 decem
437 2280 548 2345 diebus
571 2285 644 2364 post
667 2280 726 2346 hos
749 2303 909 2348 sermones
921 2283 1096 2349 exstinctus
1119 2289 1180 2363 est,
1194 2289 1264 2350 tum

148 2410 349 2484 ceterorum,
381 2429 461 2492 quos
490 2405 541 2470 his
564 2405 655 2476 libris
677 2407 915 2484 adamavimus,
945 2407 1072 2471 tristem
1099 2407 1265 2472 interItum

148 2535 289 2598 enarrat.
314 2528 375 2598 Sed
398 2531 540 2616 ipsorum
557 2552 684 2616 quoque
700 2530 951 2615 colloquentium
975 2533 1211 2617 sermonesjam
1224 2533 1265 2598 ab

147 2659 244 2724 initio
276 2659 408 2744 gravius
436 2656 558 2742 aliquid
592 2661 691 2740 atque
724 2655 838 2721 elatius
873 2660 999 2721 sonant.
1039 2654 1191 2741 Superest
1227 2660 1265 2720 ut

148 2782 275 2848 dicatur
287 2783 325 2848 de
337 2784 500 2850 elocutione
515 2785 548 2847 et
561 2783 693 2856 osticam
706 2803 788 2864 quae
798 2785 906 2864 partes
922 2779 1038 2846 Crasso
1050 2779 1265 2864 explicandae.

149 2907 211 2983 Qui
243 2907 361 2974 leuiter
391 2909 601 2992 conquestus,
624 2904 710 2989 quod
732 2903 894 2971 Antonius
923 2925 961 2968 aa
983 2902 1156 2982 divisisset,
1184 2925 1266 2987 quae

149 3031 295 3115 sejuncta
319 3052 467 3098 essenon
489 3033 629 3114 possent,
652 3049 726 3092 oum
748 3025 809 3092 sibi
832 3025 1019 3110 sumpsisset
1042 3024 1118 3109 quid
1141 3025 1204 3090 dici
1226 3025 1267 3091 ab

150 3158 278 3220 oratore
324 3154 478 3231 deberet,
517 3153 578 3237 ipsi
624 3156 731 3216 autem
777 3149 958 3235 reliquisset
1001 3149 1267 3233 quemadmodum

152 3275 232 3342 illud
268 3275 375 3344 ornari
410 3279 593 3360 oporteret,
627 3275 778 3342 continuo
812 3297 881 3339 sese
915 3275 1006 3339 effert
1039 3275 1079 3339 ad
1124 3273 1267 3340 conside·

153 3401 285 3467 randam
311 3400 572 3478 consensionem,
596 3421 660 3483 qua
688 3420 792 3463 rerum
817 3398 1009 3464 universitas
1032 3397 1266 3463 contineretur:

186 3708 215 3770 t)
226 3706 261 3759 ad
272 3703 346 3758 Fam.
357 3704 400 3757 lX.
415 3705 456 3757 16,
469 3702 484 3771 5
498 3702 665 3757 3.-Facote
676 3702 827 3757 aCioerons
837 3703 909 3756 dicta
922 3703 1007 3770 primo
1019 3701 1131 3755 collecta
1144 3701 1268 3755 ridentur

152 3793 215 3848 aC.
234 3793 370 3848 Trebonio
387 3794 436 3847 cir.
461 3793 496 3846 ad
514 3793 576 3846 fam.
596 3793 652 3847 XV.
672 3795 704 3846 m
726 3797 753 3845 et
771 3789 827 3845 Xll.
848 3794 891 3844 16.
910 3789 1052 3844 hectorea
1070 3791 1164 3842 saltem
1183 3808 1267 3860 usque

152 3884 184 3936 ad
204 3887 320 3937 aetatem
338 3881 482 3936 Macrobrii
505 3881 770 3938 circumferebantur.
794 3881 831 3934 ΙΙΙ
855 3881 918 3936 libri
935 3879 968 3933 de
983 3880 1053 3948 jonis
1070 3878 1206 3936 Ciceronis
1232 3881 1267 3934 sb

152 3969 249 4024 'l'irono
277 3972 338 4040 ejus
356 3971 452 4024 liberto
477 3971 587 4038 scripti,
606 3986 719 4038 quorum
738 3977 765 4021 st
783 3967 893 4034 Quintil.
912 3967 955 4021 vl.
974 3985 997 4022 c.
1015 3972 1031 4020 3
1051 3966 1067 4034 ξ
1087 3969 1103 4020 5
1121 3973 1148 4020 et
1166 3969 1268 4022 scholia

152 4057 294 4112 Bobieusis
313 4059 359 4123 (ad
371 4057 452 4124 Sosi.)
470 4060 632 4112 mentionem
645 4058 754 4110 iaciunt.
773 4056 846 4110 Inter
860 4058 1020 4110 recentiores
1031 4056 1064 4109 de
1079 4054 1215 4109 Ciceronis
1229 4057 1268 4109 fa-

152 4149 226 4206 cetiis
245 4151 369 4202 accurate
387 4151 518 4216 egerunt:

188 4235 234 4292 Dr·
253 4237 343 4292 Antan
362 4235 473 4290 llaaclra
493 4234 548 4290 ulle
568 4234 705 4289 Ciceronis
722 4237 749 4288 in
763 4235 927 4290 orationibus
941 4233 1060 4290 facetiis”
1078 4235 1148 4287 1889
1166 4235 1266 4304 (progr.

152 4343 240 4396 gymu
252 4325 347 4394 Burg.)
366 4329 393 4379 ct
410 4323 456 4379 Dr.
475 4323 610 4380 Christian
628 4321 739 4394 Herwig
759 4322 984 4393 »DasWortspiel
1004 4325 1031 4377 in
1050 4321 1157 4377 Ciceros
1175 4321 1268 4379 Redeo

151 4417 221 4471 1889
239 4413 400 4482 (tabrasber.
419 4430 509 4485 gymn.
528 4410 697 4484 Attandorn.)
