3366 5206
681 601 743 670 101

151 815 361 902 Trasymaehi
384 820 634 901 ceterorumque,
652 816 796 900 quisunt
818 815 852 882 in
877 815 1073 897 »Civitate'',
1097 839 1270 892 sermones.
1387 903 1390 908 Ι

151 940 238 1018 Quae
251 964 357 1008 rerum
369 942 573 1028 dicendarum
584 939 636 1005 lex
649 941 900 1006 Atheniensibus
912 941 977 1007 illis
996 941 1134 1027 placuit:
1149 942 1215 1035 ὅπῃ
1231 941 1272 1012 ἂν

151 1058 276 1148 taarog
300 1062 409 1152 ὥσπερ
432 1072 566 1150 πνεῦμα
590 1072 673 1153 φέρῃ
689 1064 793 1152 ταύτῃ
817 1064 918 1142 ireos,
942 1067 1044 1132 eidem
1067 1067 1194 1132 Tullius
1214 1093 1272 1154 pa·

152 1189 228 1265 ruit,
241 1210 389 1272 -quanr
406 1190 627 1273 enimsaepea
649 1189 814 1273 proposito
837 1189 1027 1254 divertitur?
1051 1189 1119 1255 Nec
1131 1191 1271 1256 dissimi-

149 1310 234 1377 libus
259 1313 363 1378 verbis
386 1314 519 1378 eandem
542 1313 722 1379 enuntiavit
747 1314 911 1397 »Accipiq
935 1315 1051 1399 inquit,
1075 1316 1270 1400 quoddatur

151 1438 184 1500 et
208 1434 310 1513 adid,
333 1437 417 1502 unde
439 1437 555 1520 aliquis
578 1438 674 1502 flatus
697 1437 885 1515 ostenditur,
907 1437 978 1502 vela
1002 1439 1076 1503 do.”
1101 1439 1126 1528 ¹)

194 1557 355 1637 Oeterum,
378 1561 463 1644 quod
485 1583 541 1645 per
565 1561 742 1626 Antonium
765 1561 919 1627 suadebat
941 1563 1062 1627 oratori
1086 1561 1215 1627 Cicero:
1231 1568 1267 1628 ut

150 1687 311 1750 senariae
330 1689 363 1752 et
381 1688 551 1750 doctrinam
567 1684 697 1749 illorum
707 1684 862 1750 librorum
878 1686 917 1749 ad
930 1685 1015 1751 aliud
1027 1689 1153 1770 tempus
1167 1708 1268 1750 reser-

151 1814 241 1874 varet
265 1848 306 1858 -
329 1809 413 1874 idem
433 1809 499 1873 iere
522 1809 626 1892 ipsum
643 1809 755 1873 fecisse
778 1808 912 1873 dixerim
933 1831 1005 1873 eum
1030 1810 1088 1874 »de
1113 1808 1268 1874 Oratore''

150 1933 312 2000 scriberet.
337 1932 421 1998 Nam
446 1932 529 1997 sicut
551 1932 642 1997 libris
675 1932 734 1996 »de
757 1932 804 1996 Re
833 1932 1001 2016 publica''‚
1036 1933 1092 2017 qui
1123 1934 1284 2017 proximev

150 2062 222 2141 post
245 2057 345 2121 libros
368 2057 406 2121 dc
429 2055 563 2122 Oratore
587 2060 662 2120 sunt
685 2055 867 2138 conscripti,
885 2077 1035 2140 magnam
1051 2061 1176 2140 partem
1189 2079 1268 2139 pen·

148 2180 225 2244 dent
248 2203 287 2246 ex
311 2179 456 2245 Platonis
479 2178 671 2254 ›Civitate'’,
694 2178 740 2241 ita
758 2177 809 2242 hic
831 2200 1006 2262 perpaucos
1030 2184 1159 2244 tantum
1179 2178 1267 2245 locos

147 2305 287 2388 reperire
309 2304 417 2387 potui,
449 2303 504 2388 qui
526 2324 565 2367 ex
587 2302 713 2394 ingenti
744 2299 802 2365 illo
830 2325 926 2386 opere
954 2303 1094 2366 mutuati
1123 2303 1267 2367 videreu-

147 2431 209 2494 tur.
229 2467 270 2476 ·-
288 2427 499 2511 Quamquam,
518 2426 641 2492 duobus
664 2424 742 2488 locis
767 2425 930 2490 ›Civitas’'
956 2448 1104 2510 expresse
1127 2448 1267 2491 comme·

148 2555 305 2617 moratur:
329 2551 480 2616 hortatur
501 2550 663 2615 Antonius
688 2548 888 2632 eloquentiae
912 2548 1109 2627 studiosum,
1133 2553 1170 2613 ut
1193 2549 1266 2632 phi-

147 2673 353 2760 losophorum
376 2674 475 2740 libros
499 2679 638 2740 reservet
657 2674 718 2738 sibi
729 2673 770 2736 ad
787 2672 962 2737 Tusculani
988 2672 1139 2756 requiem,
1164 2695 1225 2738 »ue
1238 2673 1265 2737 si

148 2797 286 2880 qnando,
298 2797 416 2881 inquit,
432 2798 462 2862 ei
474 2798 640 2863 dicendum
653 2797 714 2862 erit
727 2798 765 2862 de
773 2798 903 2882 justitia
919 2801 952 2862 et
963 2797 1035 2874 fide,
1060 2802 1226 2862 mutuetur
1249 2820 1269 2862 a

149 2921 297 2994 Platone;
321 2922 377 3005 qui
400 2945 472 2987 cum
493 2922 572 2986 haec
595 2920 800 3005 exprimenda
822 2918 927 2985 verbis
951 2918 1185 2998 arbitraretur,
1209 2942 1268 2983 no-

149 3068 220 3110 vam
239 3046 399 3130 quandam
422 3045 516 3111 finxit
538 3046 572 3109 in
595 3046 685 3111 libris
707 3044 886 3118 civitatem
912 3065 1011 3126 usque
1035 3063 1072 3107 eo
1095 3041 1163 3120 illa,
1186 3064 1268 3126 quae

150 3170 279 3235 dicenda
302 3170 340 3234 de
359 3169 486 3253 justitia
509 3169 660 3253 putabat,
684 3191 703 3231 a
725 3168 811 3232 vitae
835 3167 1064 3232 consuetudine
1087 3171 1120 3230 et
1143 3187 1163 3230 a
1190 3166 1268 3230 civi·

151 3297 251 3358 tatum
268 3278 427 3356 'moribus
458 3293 713 3367 abhorrebant;”
745 3291 952 3374 -itemque
979 3289 1089 3374 paullo
1118 3289 1204 3355 infra
1230 3289 1268 3353 de

151 3395 351 3481 damnatione
375 3437 473 3501 agens
498 3416 533 3479 P.
557 3414 688 3480 Rutilii:
726 3414 842 3480 »Nune
869 3415 949 3478 talis·
979 3415 1028 3478 vir
1051 3413 1185 3478 amissus
1209 3417 1268 3488 est,

150 3538 264 3621 inquit,
287 3539 362 3602 dum
386 3561 482 3603 causa
501 3539 548 3603 ita
571 3540 699 3616 dicitur,
718 3545 755 3603 ut
777 3539 805 3603 si
828 3539 861 3602 in
880 3538 937 3601 illa
954 3536 1176 3602 commenticia
1192 3535 1268 3599 Pla·

151 3661 233 3725 tonis
258 3661 387 3727 civitate
410 3683 459 3726 res
482 3664 665 3748 ageretur.''
687 3663 714 3746 2)

193 3785 253 3850 Sed
277 3784 330 3849 rix
353 3784 479 3862 habeo,
508 3806 588 3868 quos
611 3790 777 3869 praeterea
801 3785 933 3847 afferam
956 3783 1066 3859 locos,
1097 3786 1133 3846 ut
1164 3782 1269 3864 ajunt,

151 3907 386 3994 παραλλήλους.
416 3907 561 3973 Occurrit
586 3908 779 3985 subsimilis,
809 3928 891 3989 quae
915 3911 964 3972 est
987 3905 1071 3988 apud
1095 3909 1268 3988 utrumque

150 4031 319 4096 disserendi
343 4031 422 4095 artis
446 4033 626 4116 descriptio.
662 4031 744 4096 Cum
766 4031 893 4114 scripsit
916 4028 1043 4094 Cicero:
1074 4027 1159 4092 »Ubi
1184 4027 1268 4090 enim

156 4212 314 4222 -——..

184 4331 211 4400 l)
229 4329 284 4386 civ.
304 4332 334 4386 P·
352 4333 405 4386 394
425 4331 455 4385 D·
476 4361 509 4370 -
528 4331 568 4386 De
587 4332 633 4387 Or.
652 4332 763 4387 ΙΙ.187.
787 4333 820 4386 of.
839 4328 884 4384 Or.
908 4332 949 4384 75.

188 4418 536 4489 mmmmmm
