3404 5198
980 577 1000 648 6

428 795 502 882 jure
525 816 691 862 causarum
715 793 863 882 patroni,
886 798 918 860 et
950 793 1137 860 verisimilia
1165 791 1356 873 defendant,
1386 793 1480 860 modo
1509 818 1552 862 ne

433 922 579 1008 cognitae
602 921 733 986 veritati
758 921 985 998 adversentur,
1013 924 1045 984 et
1071 918 1269 1006 gravissimis
1292 919 1396 984 verbis
1419 942 1550 986 accusa·

433 1051 540 1112 torum
570 1045 808 1110 criminationes
842 1044 985 1121 elevare,
1014 1066 1051 1109 ac
1077 1044 1223 1128 judicum
1246 1045 1369 1108 animos
1398 1044 1439 1108 ad
1462 1066 1551 1110 com-

432 1170 667 1236 miserationem
691 1170 830 1234 excitare
855 1169 1014 1234 studeant.
1051 1167 1142 1243 Quod
1166 1171 1274 1232 autem
1299 1167 1394 1232 multi
1418 1168 1550 1232 inerunt

432 1316 618 1380 semperque
641 1298 757 1371 erunt,
781 1294 836 1377 qui
858 1293 980 1358 dicendi
1003 1293 1126 1357 facibus
1155 1292 1341 1376 imperitum
1368 1293 1486 1380 vulgus
1509 1293 1569 1358 ad

433 1420 516 1486 mala
540 1422 646 1486 omnia
669 1421 853 1497 accendant,
879 1441 942 1483 non
958 1418 1075 1483 idcirco
1095 1417 1225 1482 omnino
1242 1421 1389 1482 vetamus
1407 1421 1549 1482 oratores

432 1546 466 1610 in
497 1545 589 1610 bonis
616 1545 806 1631 magnisque
847 1543 949 1608 causis
984 1543 1150 1607 hominurn
1182 1545 1239 1606 aut
1266 1563 1394 1606 aversos
1424 1541 1566 1606 animos.

432 1691 631 1736 commovere
662 1673 718 1734 aut
745 1668 937 1754 languentes
967 1666 1115 1730 excitare.
1146 1664 1194 1730 Ac
1224 1665 1330 1730 nescio
1361 1666 1474 1742 etiam,
1507 1688 1548 1730 an

431 1794 541 1879 paullo
565 1793 704 1857 severius
723 1792 761 1856 de
784 1790 891 1854 Tullio
911 1790 1031 1874 judicet
1045 1789 1201 1872 Karsten,
1216 1791 1322 1855 nescio
1338 1812 1377 1854 an
1396 1812 1459 1854 non
1479 1811 1549 1854 om-

432 1940 488 1983 nes
518 1939 597 2000 quos
625 1919 790 1981 enumerat
815 1917 981 1998 tamquam
1005 1935 1075 1977 reos
1098 1913 1304 1992 manifestos,
1334 1935 1414 1998 quos
1438 1912 1548 1978 Cicero

432 2043 605 2108 detenderit
629 2041 710 2106 tales
735 2064 844 2126 reapse
867 2041 1003 2116 fuerint;
1027 2038 1182 2123 quidquid
1205 2039 1235 2103 id
1260 2041 1318 2111 est,
1342 2036 1422 2101 illud
1446 2035 1549 2101 reris-

432 2166 510 2230 sime
522 2165 649 2229 statuit:
664 2163 809 2229 Ciceroni
817 2187 881 2229 non
890 2168 1058 2247 tantopere
1068 2163 1324 2246 exprobrandum
1333 2182 1400 2226 esse
1409 2181 1548 2224 errorem

433 2287 579 2354 omnibus
602 2309 701 2370 paene
721 2287 862 2370 antiquis
879 2309 1090 2351 communem.
1115 2285 1292 2350 Ferendum
1309 2288 1394 2350 certe
1411 2306 1474 2348 non
1499 2287 1549 2347 est

431 2415 563 2497 propter
586 2409 667 2475 illud
689 2411 843 2494 temporis
860 2410 961 2494 magis
978 2431 1075 2493 quam
1094 2408 1234 2474 hominis
1254 2410 1370 2475 vitium
1386 2407 1548 2474 Ciceronis

432 2539 566 2603 virtutes
586 2540 619 2601 et
640 2535 804 2621 praeclara
828 2535 943 2600 merita
964 2540 1021 2599 aut
1043 2536 1183 2620 turpiter
1205 2534 1317 2622 negari
1339 2537 1397 2598 aut
1420 2532 1548 2598 silentio

432 2661 608 2747 praeteriri.

477 2787 522 2852 At
564 2789 634 2851 erat
673 2785 783 2851 Oicero
819 2784 943 2872 gloriae
984 2785 1223 2868 cupidissimus,
1250 2787 1307 2849 aut
1348 2783 1485 2858 saltem,
1521 2782 1548 2846 si

432 2910 623 2988 Quintiliani
653 2910 833 2975 mitioribus
866 2909 969 2975 verbis
1000 2909 1049 2974 uti
1077 2908 1171 2974 malis
1203 2907 1354 2973 »minime
1388 2906 1438 2970 sui
1471 2927 1547 2970 ocn-

432 3035 592 3118 temptor’'
614 3034 652 3120 ¹).
676 3035 789 3120 Neque
804 3035 885 3099 illud
902 3034 1048 3119 equidem
1065 3034 1195 3099 infitior.
1215 3033 1308 3099 (terte
1320 3033 1491 3114 postquam
1507 3029 1548 3093 ad

432 3158 562 3223 honoris
586 3158 711 3224 culmen
735 3159 886 3236 ascendit,
909 3157 1099 3223 insolentius
1124 3181 1157 3222 se
1175 3158 1299 3242 jactare
1322 3153 1455 3219 solebat.
1484 3151 1547 3218 At·

431 3286 538 3346 tamen
558 3280 624 3346 noli
649 3282 789 3368 graviter
812 3281 904 3360 ferre,
929 3271 966 3346 si
979 3280 1082 3346 dicam
1105 3281 1190 3363 quod
1213 3278 1329 3344 sentio:
1362 3277 1547 3344 Ciceronem

431 3407 562 3489 propter
582 3405 687 3489 ipsum
702 3404 783 3470 illud
799 3404 924 3491 gloriae
942 3404 1083 3468 studium
1096 3404 1257 3488 plerisque
1277 3403 1466 3486 aequalibus
1485 3403 1551 3467 suis

429 3528 637 3614 praestitisse,
662 3550 698 3592 eo
723 3529 824 3614 magis
847 3528 933 3612 quod
957 3550 1020 3591 non
1042 3527 1209 3612 magnifice
1225 3527 1263 3591 de
1280 3549 1314 3593 se
1330 3528 1423 3593 dictis
1438 3529 1546 3613 potius

430 3675 526 3738 quarn
551 3652 629 3716 bene
653 3657 685 3716 et
708 3652 870 3736 praeclare
894 3652 993 3738 gestis
1016 3651 1138 3738 gloriae
1157 3653 1325 3717 studuerit.
1350 3652 1443 3718 Beati
1462 3654 1546 3718 enim

430 3798 497 3841 esse
521 3797 629 3840 omnes
649 3774 809 3854 volumus,
826 3777 890 3852 sed,
910 3775 1061 3858 quonism
1074 3775 1142 3839 sine
1154 3775 1259 3860 gloria
1270 3776 1435 3842 beatitudo
1451 3778 1547 3861 plena

430 3903 527 3984 atque
549 3900 690 3984 perfecta
711 3905 759 3965 est
784 3901 885 3978 nulla,
908 3923 1001 3966 nemo
1024 3899 1163 3982 prudens
1188 3921 1294 3964 veram
1316 3899 1454 3987 gloriam
1470 3923 1545 3966 con·

429 4027 570 4087 temnere
582 4028 699 4107 potest.
724 4025 805 4101 Quid
818 4027 901 4090 enim
914 4028 962 4088 est
974 4023 1101 4109 gloria?
1118 4062 1160 4072 -
1176 4022 1215 4087 In
1227 4023 1390 4107 praeclaro
1402 4025 1545 4106 proemio

429 4145 657 4234 disputationis
680 4148 880 4214 Tusculanae
904 4147 1028 4226 tertiae,
1042 4147 1128 4211 inter
1145 4149 1266 4212 ceteros
1281 4170 1361 4232 quos
1380 4152 1546 4213 enumerat

430 4307 590 4316 ...—

465 4410 658 4481 nomnen
678 4411 734 4466 ΧΗ.
754 4416 778 4467 1.
