3366 5206
670 584 790 688 ros¹

143 796 300 865 sentiam”
337 838 377 850 —
408 799 488 866 mihi
523 800 651 886 quidem
675 823 800 886 semper
822 800 856 866 in
887 798 1074 866 memoriam
1103 797 1260 864 reducunt

141 922 235 987 illum
258 923 511 1008 ineptissimum:
537 917 554 991 o‘
575 926 794 1012 Θρασύμαχος
806 918 947 1012 φανερὰς
958 908 1261 1010 μὲνῆνέπιθομῶν

144 1045 274 1124 εἰπεῖν,
301 1042 346 1112 ‘to’
375 1042 616 1137 εὐδοκιμήσειεν
646 1043 823 1137 ἡγούμενος
858 1047 946 1130 ἔχειν
979 1040 1152 1132 ἀπόκρισιν
1179 1068 1262 1129 παγ-

142 1169 254 1256 κάλην,
269 1207 307 1216 -
322 1170 440 1254 qnippe
460 1172 516 1254 qui
534 1172 636 1238 dicere
652 1173 823 1257 incipiens:
843 1172 951 1238 Ἄκουε
967 1174 1015 1258 tri,
1038 1157 1058 1258 ἦ
1082 1163 1156 1244 δ’ὅς.
1180 1173 1263 1259 aaut

143 1287 204 1379 γὰρ
227 1287 289 1376 ἐγω
308 1320 337 1357 κ.
360 1319 389 1359 τ.
413 1295 439 1361 ἑ.
461 1296 488 1382 ¹)

189 1416 355 1482 Postremo
380 1439 477 1484 unam
498 1420 657 1502 proferam
681 1419 939 1493 similitudinem,
964 1438 1062 1501 quam
1085 1417 1171 1516 haud
1195 1417 1263 1482 for·

143 1541 228 1607 tuito
252 1563 327 1606 casu
349 1542 512 1626 irrepsisse
536 1544 648 1628 quovis
671 1545 805 1628 pignore
828 1540 1057 1607 contenderim.
1090 1539 1179 1604 »Tua
1202 1540 1264 1605 fuit

143 1665 247 1731 oratio
270 1665 448 1748 ejusmodi,
483 1667 589 1750 inquit
612 1668 697 1751 apud
720 1665 904 1731 Ciceronem
933 1661 1106 1741 Scaevola,
1133 1685 1199 1728 non
1226 1668 1264 1728 ut

144 1786 243 1852 ullam
268 1791 370 1852 artem
383 1790 611 1868 *doctrinamve
635 1792 863 1866 contemneres,
887 1774 941 1852 sed
957 1792 994 1852 ut
1006 1807 1115 1850 omnes
1130 1786 1263 1850 comites

143 1931 182 1974 ac
205 1913 478 1977 ›ministratriccs’'
502 1914 638 1978 oratoris
662 1936 729 1978 esse
752 1912 902 1979 diceres.’'
924 1910 1131 1976 Admiramur
1153 1931 1263 1974 omnes

144 2055 254 2098 vocem
278 2035 459 2111 insolitam
487 2059 579 2101 nemo
604 2037 706 2114 delet,
738 2059 819 2120 quae
850 2056 914 2099 non
938 2033 1093 2098 librorum
1124 2034 1185 2097 fide
1209 2036 1263 2100 sed

143 2157 243 2222 Nonii
266 2159 452 2223 testimonio
475 2161 517 2223 sit
541 2160 757 2245 comprobata.
793 2158 858 2224 Cur
888 2180 925 2222 ea
956 2178 1033 2220 usus
1056 2157 1105 2219 eat
1129 2154 1262 2221 Cicero?

143 2280 329 2358 Nimirum,
368 2282 443 2365 quia
478 2282 511 2346 in
547 2287 653 2348 mente
688 2266 757 2348 erat
790 2283 905 2359 Plato,
948 2302 1012 2344 non
1047 2279 1263 2364 eloquentiam

142 2403 199 2468 sed
224 2404 424 2470 dialecticam
449 2405 580 2470 mirifice
604 2428 782 2482 exornans,
813 2411 977 2491 tamquam
1001 2426 1083 2488 quae
1106 2408 1189 2468 esset
1221 2441 1261 2452 —

142 2533 330 2615 συνερίθοις
367 2530 423 2593 καὶ
462 2539 741 2615 συμπεριαγωγοῖς
779 2529 950 2615 χρωμένη,
993 2517 1043 2600 αἷς
1081 2525 1278 2615 διήλθομεν

141 2657 281 2732 τέχναις.
310 2651 406 2736 Apud
429 2652 611 2719 Ciceronem
636 2655 719 2719 enim
744 2656 859 2719 »docto
882 2654 1024 2719 oratori’‘
1056 2651 1163 2736 palma
1185 2670 1267 2714 con··

141 2776 286 2851 ceditur3
318 2778 402 2860 apud
434 2777 598 2842 Platonem
624 2800 697 2843 vero
720 2778 775 2843 uni
799 2776 984 2842 dialecticae
1009 2775 1117 2840 omnia
1138 2794 1262 2838 summa

142 2901 344 2967 tribuuntur.

183 3013 245 3115 Ἆρ’
272 3013 331 3094 οἷν
355 3032 445 3095 δοκεῖ
465 3047 526 3105 σοι,
549 3026 632 3117 ἔφην
655 3020 734 3110 irai,
759 3021 870 3112 ὥσπερ
898 3028 1098 3091 carmon
1117 3027 1262 3112 τοῖςιμα-

141 3145 331 3239 θήμασινῆ
357 3145 538 3238 διαλεκτικὴ
557 3145 635 3238 ἡμῖν
657 3148 770 3216 ἐπάνω
796 3154 949 3226 κεῖσθαι,
972 3147 1029 3213 καὶ
1051 3139 1154 3212 οὐκέτ’
1182 3144 1261 3210 ἄλλο

138 3274 261 3340 τούτου
284 3273 428 3362 μα’θημα
448 3271 598 3360 ἀνωτέρω
622 3270 728 3361 ὀρθῶς
752 3267 793 3338 ἂν
816 3271 1055 3349 ἐπιτίθεσθαι,
1090 3263 1152 3336 ἀλλ
1175 3266 1263 3348 ἔχειν

140 3400 203 3489 ἤδη
233 3406 388 3467 ΤΕΛΟΣ
407 3395 447 3464 τοὶ
470 3405 536 3465 τῶν
557 3396 781 3486 μαθηματωνς
802 3390 924 3479 Ἔμοιγ’
945 3393 1018 3482 ἔφη.
1034 3394 1060 3482 ²)

188 3671 298 3754 Atque
331 3669 406 3732 hinc
439 3667 542 3732 facilis
577 3668 625 3729 est
659 3663 821 3728 transitus
848 3663 887 3725 ad
921 3661 1012 3725 illum
1036 3660 1159 3736 locum,
1196 3681 1261 3743 quo

140 3793 426 3878 investigationem
450 3789 534 3854 hanc
556 3789 594 3853 de
617 3787 797 3852 imitatione
820 3784 918 3849 Tullii
941 3805 1131 3866 omnemque
1153 3783 1263 3866 dispu-

140 3917 300 3981 tationem
324 3919 468 3978 nostram
492 3912 703 3978 absolvamus.
731 3910 884 3993 Superest
901 3908 984 3973 enim
999 3911 1035 3972 ut
1047 3908 1262 3981 observemus,

180 4317 719 4390 naman-mmmm

180 4409 499 4479 numnmn
